1636 2593
597 117 867 152 PRAEFATIO
1280 119 1399 154 XXIII

63 225 232 267 dubitat
269 239 372 265 num
409 225 618 278 scriptura
655 225 711 266 sit
748 226 916 279 proprie
953 225 1253 267 Philocaliana.
1320 241 1398 282 ego

61 299 149 326 non
180 283 280 324 uidi.

154 341 222 383 Ad
265 341 364 383 20³².
428 356 510 396 quo
556 342 646 382 iure
684 341 892 384 Baronius
936 344 1161 385 contendat
1200 342 1399 384 Siricium

63 401 359 457 presbyterum
391 401 704 441 comministros
735 400 931 442 habuisse
964 401 1197 443 Sisinnium
1228 402 1399 456 presby-

65 464 204 502 terum
249 459 306 515 (u.
339 475 377 500 n.
404 458 510 515 28³⁵)
556 462 597 500 et
641 459 858 514 Tigridam
902 461 1124 502 diaconum
1167 462 1398 516 ignoratur.

65 520 115 561 de
160 519 288 575 elogii
333 519 497 574 origine
535 518 792 559 Damasiana
834 520 1006 560 minime
1051 522 1216 561 constat
1263 534 1400 573 neque

64 579 178 620 enim
209 578 261 619 ad
290 577 371 619 hoc
402 577 667 631 probandum
699 578 885 618 clausula
908 582 1125 631 praecepta
1154 582 1308 620 secutus
1341 577 1399 633 (u,

65 638 158 678 adn.
191 636 283 693 21)
316 636 485 677 sufficit.

153 696 356 751 Elogium
393 695 619 750 Redempti
656 695 810 736 leuitae
849 693 974 751 (21³²)
1013 694 1212 736 Merenda
1249 696 1293 736 in
1331 710 1401 749 ap-

64 755 239 810 pendice
271 754 397 809 dedit,
429 754 542 808 quod
572 754 803 795 Damasum
834 768 977 808 sapere
1008 754 1234 809 uideretur,
1264 769 1400 808 neque

65 815 206 855 minus
238 813 414 855 Rossius
451 813 635 854 Damaso
676 813 851 868 dignum
890 813 1160 854 existimauit.
1222 813 1401 854 adsenti-

64 888 144 928 rer,
175 873 257 914 nisi
290 872 519 914 offenderet
550 872 683 912 mirus
716 873 785 912 ille
818 871 1021 925 lapicidae
1054 886 1170 912 error
1203 870 1260 926 (u.
1281 870 1325 927 3)
1359 874 1401 912 et

64 932 203 973 forma
240 932 479 972 litterarum
517 931 717 986 uolgaris.
779 945 877 971 sane
908 931 1001 971 fieri
1032 933 1188 985 potest,
1220 933 1268 970 ut
1298 931 1399 971 uiuo

65 991 238 1032 Liberio
271 991 466 1045 episcopo
500 990 650 1031 titulus
683 990 918 1043 insculptus
950 989 1022 1043 sit,
1054 991 1279 1042 antequam
1312 991 1400 1030 arte

65 1049 355 1091 Philocaliana
392 1050 456 1090 uti
488 1049 674 1103 coeperit
706 1048 931 1101 Damasus,
969 1048 1042 1089 sed
1073 1048 1149 1088 tali
1181 1062 1401 1103 argumen-

65 1109 218 1150 tationi
246 1108 521 1150 diffidendum
548 1122 635 1149 esse
662 1108 816 1148 iterum
843 1108 1081 1160 iterumque
1106 1121 1269 1148 moneo.
1311 1106 1402 1147 imi*

66 1171 247 1209 tatorem
285 1168 418 1223 igitur
450 1167 592 1222 audio,
630 1181 716 1207 non
748 1167 886 1221 ipsum
918 1166 1180 1220 pontificem,
1219 1165 1291 1220 qui
1329 1179 1402 1205 no—

65 1242 163 1269 men
195 1241 318 1268 suum
349 1229 487 1268 tacere
518 1241 604 1267 non
635 1226 753 1267 solet.
799 1225 847 1265 de
880 1240 1011 1279 praua
1042 1239 1237 1265 mensura
1268 1232 1403 1265 senem

64 1284 124 1342 (u.
149 1284 196 1341 4)
228 1286 325 1326 uide
358 1285 684 1327 adnotationem.

154 1344 218 1385 De
251 1344 466 1398 epitaphio
496 1343 671 1385 Sisinnii
703 1343 772 1384 uel
799 1341 965 1383 Sisenni
990 1341 1227 1396 presbyteri
1253 1340 1336 1381 28*
1362 1356 1402 1382 u.

61 1404 265 1444 adnotata
297 1406 338 1444 et
369 1418 495 1457 supra
527 1402 580 1443 ad
609 1417 648 1443 n.
675 1401 768 1442 20⁹⁶.

154 1462 339 1503 Leonem
371 1463 627 1516 episcopum,
660 1461 732 1515 qui
755 1460 938 1501 carmine
964 1459 1200 1500 celebratur
1227 1458 1320 1512 33²³*5
1351 1472 1402 1499 ne

64 1521 264 1562 audacius
290 1521 467 1562 Rossius
498 1523 662 1575 patrem
695 1519 848 1560 dixerit
873 1518 1080 1559 Florentii
1105 1518 1259 1559 leuitae
1281 1515 1401 1572 (34³³)

67 1595 227 1621 uereor.
287 1579 397 1621 nihil
440 1582 582 1621 autem
626 1578 798 1620 suadere
842 1580 891 1618 ut
934 1580 1148 1618 auctorem
1189 1590 1403 1617 sumamus

65 1639 315 1693 Damasum,
346 1639 493 1680 monui
524 1638 631 1679 Mus.
663 1637 797 1678 Rhen.
829 1637 854 1677 l.
882 1651 914 1677 c.
947 1651 985 1690 p.
1015 1636 1109 1676 199.
1147 1635 1191 1676 in
1221 1638 1402 1688 utroque

63 1699 250 1739 carmine
283 1697 470 1739 desidero
503 1712 636 1753 genus
668 1695 832 1737 dicendi
863 1695 1036 1736 Damasi
1067 1694 1304 1748 proprium,
1337 1693 1403 1734 de-

63 1757 204 1798 sidero
242 1771 396 1798 nomen
434 1756 619 1797 auctoris
656 1755 726 1796 uel
763 1754 945 1795 maxime
984 1754 1028 1794 in
1066 1752 1281 1807 epitaphio
1321 1752 1405 1806 epi·

65 1816 197 1871 scopi,
229 1816 418 1857 desidero
451 1818 585 1856 artem
616 1829 714 1855 uere
745 1813 1096 1866 Philocalianam,
1128 1826 1152 1852 a
1183 1826 1266 1866 qua
1297 1811 1404 1852 illud

64 1889 163 1917 orae
193 1889 270 1929 pro
303 1889 369 1916 ore
401 1873 542 1930 (34‚8)
576 1874 699 1928 plane
732 1872 933 1913 abhorret
965 1870 1023 1926 (u.
1056 1871 1180 1926 adn).

157 1933 245 1974 38*
277 1936 318 1975 et
350 1932 438 1974 39*
469 1948 544 1974 cur
575 1932 803 1986 receperim
837 1931 923 1971 dixi
961 1930 1005 1970 in
1038 1930 1130 1970 adn.
1162 1928 1261 1970 38*
1322 1927 1405 1968 Da-

65 2007 231 2034 masum
263 1995 477 2033 auctorem
510 2006 598 2033 esse
629 2005 752 2032 nemo
785 1989 1021 2043 contendet,
1054 1988 1167 2042 quod
1198 1988 1308 2028 idem
1341 2001 1406 2027 ca-

66 2052 131 2093 dit
168 2052 213 2092 in
248 2051 550 2107 fragmentum,
597 2050 715 2091 cuius
746 2049 1004 2090 mentionem
1036 2047 1116 2088 feci
1148 2047 1192 2087 in
1223 2046 1315 2086 adn.
1350 2046 1402 2086 18

67 2109 142 2166 (ex
174 2110 325 2151 Rossio
358 2110 494 2151 Roma
525 2112 622 2150 sott.
655 2107 675 2149 I
706 2124 744 2162 p.
773 2107 888 2163 120).

158 2169 222 2211 De
254 2169 469 2223 epitaphio
496 2168 730 2209 Felicitatis
755 2166 838 2207 41*
870 2165 1000 2206 uerba
1032 2164 1112 2205 feci
1143 2163 1249 2204 Mus.
1270 2162 1403 2203 Rhen.

65 2228 96 2269 l.
129 2242 162 2269 c.
198 2243 238 2282 p.
265 2228 368 2282 2033
417 2228 528 2268 inter
570 2225 972 2281 pseudodamasiana
1015 2222 1271 2264 reiciendum
1315 2234 1404 2261 esse

66 2301 316 2341 persuasum
346 2286 482 2328 habeo
517 2284 574 2341 (u.
607 2284 730 2337 adn).

158 2345 413 2401 Fragmenta
451 2344 538 2386 50*
577 2346 618 2385 et
655 2343 743 2384 51*
779 2342 918 2396 recepi
956 2343 1129 2395 propter
1166 2339 1405 2379 litterarum
