1568 2579
618 91 890 126 PRAEFATIO
1378 92 1429 126 IX

91 201 190 242 tatis
215 200 468 254 pietatisque
499 211 576 240 nec
605 199 786 253 speciem
814 200 1024 253 quandam
1050 200 1152 241 artis
1185 201 1237 241 ad
1262 200 1427 256 Vergili

91 259 330 313 exemplum
361 259 567 300 formatae
583 257 635 314 l)⁷
673 258 746 298 sed
778 258 995 313 ingenium
1027 260 1343 314 sollertiamque
1376 260 1428 300 ad

90 318 390 360 inueniendum
410 320 577 358 acutam
596 317 929 371 uarietatemque
951 318 1140 359 colorum
1161 321 1286 373 atque
1307 319 1427 372 spiri-

90 380 182 418 tum
207 391 304 418 uere
330 377 540 417 diuinum:
566 376 770 417 formulas
797 377 908 417 enim
932 377 1249 432 locutionesque
1276 378 1431 419 iterare

90 437 207 489 solet,
238 438 286 477 ut
318 436 504 477 taedium
535 449 666 489 paene
700 435 862 476 adfeiat
894 436 1144 491 legentibus.
1149 435 1183 492 ²)

179 495 377 549 Plerique
422 509 442 535 e
486 494 624 535 titulis
662 470 960 535 Damasianiso
972 495 1057 535 iam
1101 496 1266 537 saeculo
1308 499 1427 537 sexto

91 554 290 595 uidentui
338 554 512 608 peliisse
562 553 707 594 fractis
751 553 863 594 bello
907 552 1088 595 Gothico
1133 554 1428 609 1113111101111113,

90 613 208 654 0111113
249 613 310 654 131
342 612 604 653 luculentum
637 614 753 653 extat
784 612 1075 653 testimonium
1107 613 1259 669 Vigilii
1291 614 1428 667 ponti-

90 673 199 726 ficis,
250 672 322 726 qui
371 671 625 712 renouandis
674 673 911 724 martyrum
960 649 1427 727 se13111011s0tit1111sq11e

92 746 263 785 opeiam
307 730 421 772 dedit
465 728 660 786 (append.
704 745 743 770 n.
777 731 831 771 89
877 744 908 771 o.
947 730 1121 786 adn.)3.)
1184 731 1235 771 ab
1282 732 1427 772 eodem

89 790 265 831 Eusebii
302 792 624 835 monumentum
657 787 714 845 (n.
744 787 817 844 18)
856 790 1100 830 iestitutum
1133 804 1220 831 esse
1252 790 1429 831 Rossius

89 848 368 904 piobabilitei
393 849 543 889 statuit
570 847 640 903 (cf.
659 863 699 889 11.
718 850 742 890 8
764 850 805 889 et
829 846 914 903 17).
965 849 1078 903 quod
1104 851 1245 890 autem
1276 864 1429 904 magna

90 908 324 949 carminum
342 922 439 961 pars
466 908 518 948 ad
535 910 725 948 nostram
746 909 926 948 aetatem
946 908 1152 962 peruenit,
1184 908 1227 948 id
1254 908 1430 949 debetur

89 967 271 1008 maxime
309 967 494 1021 antiquis
532 966 857 1020 inscriptionum
895 966 1220 1007 christianarum
1253 968 1429 1023 syllogis

93 1026 339 1080 compositis
370 1026 457 1066 fere
489 1026 669 1080 septimo
703 1026 881 1079 saeculo,
914 1040 1017 1079 quas
1050 1026 1160 1066 infra
1192 1027 1428 1067 recensebo.

92 1100 174 1139 quo
207 1085 366 1125 factum
398 1087 460 1126 est
498 1087 545 1125 ut
577 1087 715 1125 essent
746 1084 848 1125 satis
880 1087 981 1125 nota
1014 1085 1314 1140 diuolgataque
1346 1085 1429 1126 Da-

90 1144 196 1185 masi
228 1144 413 1184 carmina
444 1158 576 1197 usque
609 1144 653 1184 in
684 1144 897 1184 saeculum
923 1158 1095 1184 nonum.
1136 1147 1232 1198 post
1259 1144 1301 1185 id
1327 1159 1427 1186 uero

90 1203 303 1244 saeculum
335 1203 425 1257 ipsa
457 1203 691 1243 carminum
724 1203 928 1243 memoria
960 1203 1144 1256 euanuit⁷
1176 1203 1211 1243 si
1245 1204 1428 1257 excipias

93 1262 353 1317 epigramma
385 1262 433 1302 de
467 1261 715 1316 corporibus
746 1261 862 1302 Petri
888 1261 1094 1315 Paulique
1127 1263 1429 1316 apostolorum,

91 1321 204 1375 quod
240 1321 405 1362 saeculo
443 1319 526 1361 XII
564 1321 632 1361 uel
669 1319 773 1361 XIII
811 1320 965 1361 iterum
1007 1320 1135 1361 incidi
1174 1321 1334 1375 placuit
1378 1322 1429 1362 ad

91 1380 260 1434 1113111111,
291 1382 340 1420 ut
371 1379 476 1420 mihi
508 1380 688 1433 uidetur,
721 1379 1025 1434 apographum,
1056 1394 1142 1420 non
1169 1380 1220 1420 ad
1246 1380 1429 1434 lapidem

91 1438 367 1493 archetypum
400 1441 500 1479 tunc
532 1439 735 1492 temporis
768 1439 841 1478 uix
873 1437 1192 1493 superstitem.‘¹)
1252 1440 1429 1480 saeculis

92 1496 196 1538 XIII
234 1500 275 1538 et
312 1496 414 1538 XIV
451 1497 569 1538 nulla
606 1499 811 1551 apparent
849 1497 1037 1551 lapidum
1075 1497 1429 1539 Damasianorum

89 1554 324 1612 uestigia.5)
389 1556 537 1610 quinto
571 1556 732 1597 decimo
767 1556 935 1597 demum
967 1557 1227 1611 epigramma
1260 1557 1308 1597 de
1341 1558 1429 1598 fon-

90 1616 205 1657 tibus
236 1615 454 1656 Vaticanis
493 1614 550 1671 (n.
577 1614 624 1671 4)
663 1616 876 1670 integium
914 1615 1073 1669 prodiit
1111 1617 1429 1670 transcriptum-

92 1689 171 1729 que
204 1677 266 1715 est
297 1689 321 1714 a
352 1674 558 1728 Maphaeo
585 1674 721 1729 Vegio
737 1672 782 1729 G).
844 1677 940 1728 post
973 1688 1097 1728 quem
1129 1674 1280 1716 Petrus
1314 1674 1430 1716 Sabi<

187 1815 219 1858 1)
246 1814 290 1848 de
317 1816 396 1848 arte
423 1813 501 1848 eius
528 1813 683 1848 metrica
707 1813 848 1858 priores
874 1825 948 1849 non
973 1816 1073 1849 recte
1099 1814 1285 1849 iudicasse
1304 1815 1431 1849 monui

92 1861 185 1896 Mus.
212 1861 327 1896 Rhen.
355 1861 377 1896 l.
400 1872 428 1896 0.
455 1873 490 1905 p.
511 1865 579 1895 200
597 1872 675 1905 sqq.

186 1911 220 1953 2)
247 1908 291 1943 de
318 1908 404 1942 stilo
431 1908 599 1952 Damasi,
632 1907 696 1952 qui
722 1908 771 1942 ad
796 1908 1042 1943 euincendam
1067 1909 1332 1944 auctoritatem
1352 1921 1431 1943 car-

92 1955 233 1989 minum
274 1955 475 2000 plurimum
517 1955 636 2000 ualet⁷
681 1967 715 1989 u.
754 1955 803 1990 Le
842 1955 955 1990 Blant
999 1956 1110 1990 Inscr.
1155 1956 1268 1991 chret.
1313 1956 1429 2001 praef.

91 2014 125 2047 p.
148 2002 327 2037 CXXXIII
343 2014 406 2046 sq,
433 2002 541 2036 Rossi
566 2003 684 2037 Roma
711 2004 795 2037 sott.
823 2003 856 2037 II
881 2015 916 2047 p.
940 2007 979 2037 11
997 2015 1062 2047 sq„
1088 2003 1184 2038 Bull.
1212 2003 1310 2038 crist.
1341 2008 1430 2038 1884

91 2052 229 2084 —1885
254 2061 289 2094 p.
307 2053 366 2093 18,
394 2049 603 2084 Stornaiolo
629 2062 662 2094 p.
680 2053 722 2084 27
736 2061 826 2094 sqq.⁷
853 2050 997 2084 Amend
1026 2054 1068 2084 15
1083 2062 1172 2094 sqq,
1199 2051 1292 2085 Mus.
1314 2050 1429 2085 Rhen.

92 2096 120 2131 L
139 2109 173 2142 p.
191 2100 257 2132 194
271 2108 349 2140 sqq.
375 2096 580 2141 pleniorem
605 2099 844 2142 conspectum
869 2108 914 2132 ex
939 2097 1009 2132 hac
1036 2097 1199 2132 editione
1226 2097 1389 2143 colliges.

186 2148 220 2184 3)
248 2144 292 2178 cf.
320 2143 435 2178 etiam
461 2147 515 2178 83.
543 2148 596 2178 87.
625 2148 679 2178 99.

185 2193 220 2235 4)
246 2202 311 2225 cur
336 2193 422 2225 ante
448 2190 559 2225 finem
588 2191 693 2225 tertii
718 2202 846 2226 uersus
873 2191 1084 2226 substiterit
1110 2191 1274 2236 lapicida
1300 2203 1431 2235 parum

95 2236 224 2282 liquet.
274 2237 319 2273 cf.
346 2238 431 2272 adn.
458 2250 492 2272 11.
514 2241 568 2280 26,
595 2238 704 2272 Rossi
729 2239 839 2274 Inscr.
867 2238 993 2274 christ.
1020 2239 1054 2273 Π
1078 2251 1112 2283 p.
1135 2243 1213 2273 300.

186 2287 220 2330 5)
245 2284 354 2319 Rossi
379 2284 402 2319 l.
424 2296 452 2319 0.
480 2297 513 2330 p.
536 2289 602 2319 315
618 2297 670 2329 sq.

188 2334 221 2376 6)
248 2344 281 2367 u,
310 2331 407 2366 infra
432 2332 733 2379 indtestimoniis.
785 2332 893 2367 Rossi
918 2345 952 2378 p.
975 2336 1052 2367 344.
1080 2336 1158 2367 349.
