1568 2579
617 88 889 123 PRAEFATIO
1368 89 1418 123 XI

85 196 182 250 bus,
223 195 267 236 in
308 195 461 249 quibus
501 195 764 236 recensendis
801 195 1001 236 breuitati
1038 196 1195 236 seruire
1235 211 1417 250 possum,

88 255 243 308 quippe
276 268 371 294 cum
396 253 572 294 Rossius
604 253 647 294 id
677 255 897 309 negotium
929 255 1141 295 curauerit
1172 257 1213 295 et
1245 255 1417 309 diligen-

86 313 246 354 tissime
285 314 327 353 et
363 312 527 366 prolixe
565 312 697 353 altero
737 313 1061 367 inscriptionum
1093 313 1418 354 christianarum

85 372 302 413 uolumine
337 369 515 425 (Romae
550 370 694 427 1888).
758 372 792 412 is
825 372 936 412 enim
972 386 1139 412 omnem
1171 373 1320 413 seriem
1353 386 1417 413 co—

85 431 224 471 dicum
287 429 440 483 quibus
484 432 647 470 ueteres
691 430 986 484 inscriptiones
1036 430 1287 471 christianae
1334 446 1418 471 ma-

84 490 196 530 xime
227 488 344 529 urbis
370 488 530 529 Romae
563 488 794 542 descriptae
827 492 925 529 sunt
957 492 1052 530 ante
1085 490 1297 530 saeculum
1330 504 1417 530 sex-

84 551 176 588 tum
215 548 423 588 decimum
461 547 505 587 in
544 547 695 588 classes
728 547 902 603 digessit
934 550 974 588 et
1006 549 1277 602 amplissimis
1309 562 1418 588 com-

84 606 302 647 mentariis
342 606 598 647 inlustrauit.
659 620 813 660 sequor
853 609 993 647 autem
1035 607 1224 648 ordinem
1263 621 1286 647 a
1324 607 1416 647 uiro

85 665 327 706 doctissimo
359 664 541 718 perbene
572 665 828 706 institutum.

174 723 394 779 Significat
437 724 570 779 igitur
609 722 646 764 E
690 724 834 764 littera
877 724 1070 778 syllogen
1108 724 1417 764 Einsidlensem
1442 727 1472 761 E

84 783 173 824 siue
204 782 591 824 Reichenauensem
626 783 733 837 (cod.
759 782 937 823 Einsidl.
965 782 1068 838 326)
1102 782 1418 823 celeberrimam

85 842 317 882 conlectam
357 841 522 882 saeculo
562 844 712 882 octauo
758 844 935 882 exeunte
978 841 1048 881 uel
1091 842 1261 882 ineunte
1304 856 1416 882 nono

83 901 265 941 maxime
297 915 347 941 ex
374 900 494 941 libris
521 903 616 941 ante
643 901 856 941 saeculum
883 902 1080 941 octauum
1106 900 1285 953 scriptis.
1335 901 1417 953 pri-

83 974 177 1000 mus
215 959 346 1000 edidit
382 959 589 1000 Mabillon
620 958 742 999 Anal.
774 962 904 999 ueter.
943 974 976 999 a.
1012 960 1122 1000 1723
1155 974 1194 1012 p.
1223 959 1305 1000 359
1328 974 1416 1012 sqq.

82 1018 205 1059 nouis
237 1018 348 1059 curis
384 1021 481 1072 post
513 1018 617 1058 alios
655 1020 954 1059 recensuerunt
986 1017 1159 1058 Henzen
1186 1016 1275 1058 CIL
1307 1017 1346 1058 V
1368 1016 1414 1058 11

82 1092 120 1132 p.
146 1075 208 1117 IX
228 1091 317 1131 sqq.
361 1079 403 1117 et
445 1076 621 1118 Rossius
665 1077 690 1117 1.
723 1091 755 1117 c.
793 1092 831 1131 p.
859 1077 1032 1128 9—33‚
1077 1077 1149 1130 qui
1188 1077 1419 1130 scripturae

1384 1137 1404 1146 ,-

84 1136 295 1190 specimen
333 1135 486 1176 adiecit
523 1136 668 1176 tabula
699 1134 781 1191 Il).
843 1136 987 1176 insunt
1024 1135 1278 1175 Damasiana
1316 1150 1354 1175 11.
1390 1149 1418 1176 a.

85 1196 121 1237 8
155 1196 221 1236 26.
252 1195 321 1248 49
353 1195 595 1248 appendicis
626 1181 790 1235 11104.

173 1252 313 1294 Codex
338 1253 555 1294 Parisinus
583 1254 693 1295 8071
729 1254 830 1294 olim
857 1253 1093 1306 Thuaneus7
1126 1255 1222 1306 post
1250 1252 1417 1293 Colber-

83 1312 197 1353 tinus
231 1310 362 1367 (Th),
403 1313 585 1366 scriptus
617 1313 782 1353 saeculo
815 1312 853 1352 X
885 1312 954 1352 uel
985 1312 1156 1352 ineunte
1187 1310 1264 1365 XI⁷
1305 1312 1416 1352 flori-
1429 1315 1487 1350 Th

82 1371 241 1426 legium
274 1371 570 1425 complectitur
601 1371 835 1411 carminum
867 1371 975 1411 uarii
1008 1371 1246 1425 argumenti
1280 1369 1418 1424 (que-

82 1430 190 1470 nalis
216 1429 424 1470 Martialis
453 1429 608 1470 Grattii
635 1428 968 1485 aliorumque).‘·’)
1010 1430 1055 1469 in
1081 1429 1279 1470 extremis
1305 1429 1418 1469 foliis

85 1488 131 1543 (f.
146 1489 203 1530 60
223 1491 265 1529 et
285 1487 360 1544 61)
382 1491 503 1529 cento
530 1489 686 1544 legitur
712 1489 1065 1544 epigrammatum
1092 1487 1419 1528 christianorum

83 1547 206 1601 plane
257 1547 456 1588 confusus
512 1550 795 1601 consutusque
846 1562 867 1588 e
910 1547 1086 1602 syllogis
1136 1546 1418 1602 epigraphicis

84 1606 240 1660 partim
284 1606 477 1647 laceratis
521 1609 563 1647 et
606 1607 827 1660 corruptis.
894 1606 1104 1647 recensuit
1154 1608 1195 1646 et
1245 1605 1419 1659 digessit

83 1665 246 1719 primus
277 1664 401 1705 Rossi
434 1666 458 1706 1.
486 1679 517 1706 c.
549 1681 588 1720 p.
615 1664 797 1706 50—51
832 1680 871 1719 p.
898 1664 1080 1706 56—57
1114 1679 1153 1718 p.
1181 1664 1416 1704 242—249

83 1739 184 1764 usus
216 1723 461 1779 apographo
487 1724 692 1778 Leopoldi
718 1724 887 1765 Delisle.
930 1738 1007 1779 ego
1035 1726 1255 1764 centonem
1283 1723 1417 1763 denuo

84 1783 296 1837 descripsi.
358 1783 547 1824 continet
591 1786 731 1824 autem
775 1783 948 1823 Damasi
991 1782 1177 1823 carmina
1221 1785 1419 1835 corrupta

82 1842 170 1882 fere
202 1841 344 1883 omnia
376 1844 416 1882 et
448 1842 599 1882 mutila
638 1842 686 1883 de
717 1842 850 1883 Paulo
883 1841 1074 1895 apostolo
1106 1856 1145 1881 n.
1173 1842 1216 1893 2,
1250 1840 1298 1881 de
1330 1841 1418 1881 fon—

83 1900 198 1941 tibus
228 1899 447 1941 Vaticanis
478 1915 517 1941 n.
543 1901 588 1955 4,
634 1901 682 1941 de
714 1900 852 1941 Felice
883 1900 1051 1942 Nolano
1083 1915 1123 1940 n.
1150 1900 1223 1954 61,
1268 1914 1418 1953 appen—

84 1959 187 2000 dicis
217 1974 256 2000 n.
285 1959 350 2000 73.

173 2017 374 2072 Sequitur
417 2018 579 2073 sylloge
624 2033 750 2072 quam
794 2018 1081 2059 Turonensem
1126 2016 1204 2072 (T)
1248 2016 1419 2057 uocauit
1446 2021 1474 2054 Τ

83 2076 260 2118 Rossius
290 2079 439 2130 utpote
472 2077 704 2118 deriuatam
737 2092 787 2118 ex
814 2077 1041 2131 archetypo
1069 2075 1303 2116 Turonensi
1334 2089 1419 2116 sae-

178 2229 213 2317 i}
238 2227 285 2308 {i
308 2231 566 2309 {issffi‘i'xnm
592 2274 658 2309 iat.
691 2287 724 2319 p.
747 2275 893 2320 xxxv,
931 2274 1117 2309 Baehrens
1143 2273 1241 2307 PLM
1266 2273 1282 2306 1
1307 2285 1341 2317 p.
1363 2276 1417 2317 30,

83 2320 270 2355 Martialis
296 2320 384 2356 edit.
412 2321 692 2356 Friedlaenderi
717 2322 733 2356 I
757 2334 791 2366 p.
817 2325 869 2356 72.
