1636 2593
196 86 311 120 XLVI
726 84 1025 119 TESTIMONIA

199 197 314 235 satus
359 193 568 234 inuidiose
607 193 904 234 incriminatur
942 193 991 233 de
1030 192 1237 234 adulterio
1255 191 1308 249 1),
1353 195 1395 233 et
1431 192 1544 233 facto

199 252 361 307 synodo
400 255 609 308 purgatur
647 267 671 292 a
702 251 864 293 XLIIII
903 252 1129 307 episcopis,
1167 252 1240 306 qui
1273 252 1400 293 etiam
1434 251 1546 292 dam-

198 314 410 353 nauerunt
445 310 728 352 Concordium
768 316 810 353 et
843 311 1066 353 Callistum
1105 311 1300 352 diacones
1333 314 1545 351 accusato-

198 386 264 412 res
304 373 345 412 et
376 371 647 425 proiecerunt
686 371 734 412 de
767 371 952 412 ecclesia.
1014 370 1084 411 hic
1116 370 1339 411 constituit
1370 370 1545 411 titulum

200 432 242 471 in
275 430 379 471 urbe
411 429 549 471 Roma
582 430 801 471 basilicam
833 445 959 485 quem
986 430 1075 484 ipse
1107 430 1364 483 construxit,
1395 428 1471 470 ubi
1503 431 1547 469 et

200 490 376 530 donauit
412 492 611 543 patenam
644 493 887 545 argenteam
919 504 1033 544 pens.
1065 489 1137 530 lib.
1170 488 1268 543 XX,
1307 502 1445 528 amam
1483 502 1546 528 ar-

201 552 398 604 genteam
430 563 544 603 pens.
576 549 649 590 lib.
682 548 775 604 XV,
807 549 1014 603 scyphum
1047 548 1294 604 anaglyfum
1325 561 1439 602 pens.
1472 546 1545 588 lib.

200 608 256 663 X,
288 608 438 649 calices
469 608 769 649 ministeriales
801 611 1024 664 argenteos
1049 607 1090 648 V
1115 622 1229 662 pens.
1250 607 1357 662 sing.
1377 606 1450 647 lib.
1470 604 1548 660 III,

200 682 377 708 coronas
410 670 631 723 argenteas
662 667 703 708 V
733 682 847 722 pens.
880 668 986 723 sing.
1019 666 1092 708 lib.
1124 665 1247 721 VIII,
1279 668 1452 706 cantara
1483 679 1546 706 ce-

201 730 362 767 rostata
394 741 514 767 aerea
546 725 666 781 XVI,
699 727 848 768 domus
880 728 923 767 in
957 726 1137 767 circuitu
1169 725 1367 766 basilicae
1394 727 1548 779 praest.

201 786 275 827 sol.
304 785 426 840 CLV,
457 786 666 840 possessio
698 785 909 840 Papirana
940 786 1159 827 territurio
1191 784 1418 826 Ferentino
1451 798 1547 824 cum

202 845 494 886 adiacentibus
532 845 717 901 adtiguis
755 848 907 900 praest.
940 845 1014 886 sol.
1050 844 1164 885 CXX
1202 846 1245 885 et
1275 843 1548 897 tremissium,

200 905 410 959 possessio
431 904 720 945 Antonianam
746 905 964 946 territurio
987 903 1139 945 Casino
1166 906 1318 957 praest.
1340 902 1414 943 sol.
1437 900 1546 956 CIII,

202 964 401 1004 balneum
438 964 558 1004 iuxta
599 964 774 1005 titulum
812 967 965 1018 praest.
998 963 1072 1005 sol.
1104 961 1282 1003 XXVII.
1343 961 1413 1002 hic
1445 961 1547 1002 fecit

202 1024 490 1064 ordinationes
521 1022 562 1064 V
592 1038 668 1077 per
698 1038 827 1064 mens.
860 1022 1072 1076 Decemb.,
1103 1021 1362 1076 presbiteros
1393 1018 1550 1074 XXXI,

202 1083 401 1123 diaconos
439 1081 517 1136 XI,
562 1083 782 1137 episcopos
819 1098 895 1137 per
934 1082 1100 1123 diuersa
1130 1081 1224 1122 loca
1254 1078 1385 1121 LXII.
1449 1079 1548 1132 <hic

203 1142 426 1182 constituit
456 1144 506 1182 ut
536 1142 722 1196 psalmos
755 1142 820 1182 die
845 1143 1059 1195 noctuque
1087 1142 1337 1181 canerentur
1361 1153 1437 1194 per
1463 1153 1549 1179 om-

202 1216 276 1242 nes
309 1200 516 1255 ecclesias,
549 1201 622 1255 qui
654 1201 735 1242 hoc
766 1201 981 1255 praecepit
1011 1199 1260 1254 presbiteris
1290 1198 1360 1239 uel
1391 1198 1549 1252 episco—

203 1261 269 1315 pis
314 1262 388 1300 aut
430 1258 784 1317 monasteriis.>²)
848 1260 920 1314 qui
965 1260 1094 1301 etiam
1138 1258 1328 1313 sepultus
1372 1259 1435 1298 est
1477 1256 1549 1297 uia

203 1319 435 1360 Ardeatina
450 1317 484 1375 3)
517 1319 561 1360 in
592 1319 768 1360 basilica
799 1334 874 1360 sua
905 1317 969 1360 III
1002 1319 1055 1360 id.
1081 1317 1280 1359 Decemb.
1312 1317 1433 1358 iuxta
1462 1330 1548 1356 ma-

203 1383 312 1420 trem
351 1393 469 1419 suam
509 1382 550 1419 et
582 1393 827 1434 germanam
866 1377 1040 1434 suam.4)
1103 1380 1145 1419 et
1177 1376 1359 1418 cessauit
1390 1375 1547 1430 episco-

203 1442 328 1493 patus
361 1438 449 1478 dies
480 1436 634 1479 XXXI.

294 1568 514 1623 Martyrol.
534 1567 775 1621 Hieronym.
809 1567 897 1608 III
924 1568 977 1615 ia?
1001 1565 1098 1608 Dec.
1130 1567 1196 1619 (in
1227 1565 1325 1607 aliis
1357 1565 1465 1606 codd.
1480 1563 1512 1605 Ι
1516 1563 1557 1606 V

205 1762 341 1792 strante
367 1757 430 1791 <leo
456 1756 644 1790 Damasus
669 1755 739 1789 sibi
759 1766 862 1799 papa
884 1755 1056 1798 probatos
1087 1754 1202 1796 affixo
1228 1753 1367 1787 monuit
1391 1752 1551 1786 carmine

205 1806 283 1839 iure
309 1805 387 1839 coli.
426 1804 487 1838 secl
512 1803 619 1847 periit
644 1803 772 1837 titulus
798 1802 981 1844 confracto
1006 1812 1182 1835 marmore
1205 1804 1353 1835 sanctus
1377 1809 1452 1842 eqS.

302 1866 335 1907 1>
362 1863 406 1897 de
434 1861 671 1896 accusatione
697 1860 765 1895 illa
785 1860 940 1905 capitali
960 1871 1073 1904 quam
1086 1858 1277 1894 Vrsiniani
1296 1868 1361 1903 per
1379 1857 1546 1891 Isaacem

205 1911 385 1945 Iudaeum
405 1910 681 1944 adornauerant
700 1909 933 1953 (turpissimis
959 1908 1153 1942 calmnniis
1177 1907 1380 1951 episcopum
1405 1904 1546 1940 Dama-

205 1970 283 1993 sum
309 1959 510 2002 inquietare
541 1968 617 1991 non
647 1957 757 1991 ueriti
787 1955 826 1990 in
851 1954 1030 1999 rescripto
1058 1953 1229 1988 Gratiani
1255 1953 1303 1988 ad
1329 1951 1549 1996 Aquilinum

206 2017 238 2040 a.
260 2008 339 2048 378,
366 2004 489 2038 Mansi
516 2003 653 2038 Concil.
675 2003 725 2037 ΠΙ
750 2015 784 2048 p.
798 2007 877 2046 628,
905 2002 1009 2046 Corp.
1036 2001 1162 2047 legum
1188 2003 1274 2035 ante
1300 1998 1549 2034 Iustinianum

205 2052 369 2087 lat-arum
387 2064 422 2096 p.
436 2055 503 2086 ‘227
530 2051 586 2086 ed.
609 2050 828 2095 GHaenelii)
854 2049 898 2084 cf.
919 2049 1073 2094 Langen
1091 2061 1126 2093 p.
1140 2052 1218 2092 506,
1244 2047 1349 2082 Rade
1368 2050 1455 2091 p.31
1467 2057 1546 2090 sqq.

205 2099 401 2134 Duchesne
425 2111 460 2143 p.
483 2102 562 2142 214,
588 2097 698 2132 Rossi
723 2097 823 2132 IChr.
851 2097 883 2131 ΙΙ
909 2109 943 2141 p.
968 2101 1043 2131 191.
1094 2097 1262 2131 extinctis
1287 2093 1363 2128 illis
1388 2094 1548 2128 hostibus

204 2150 352 2191 fue-rant
382 2148 446 2191 qui
475 2147 573 2189 falsa
605 2146 715 2181 locuti
739 2144 933 2190 episcopus
958 2149 1124 2179 seruatus
1147 2145 1277 2178 uotum
1302 2141 1452 2176 uidetur
1478 2139 1549 2174 sol-

206 2195 303 2229 uisse
331 2206 356 2229 s.
384 2193 500 2228 Felici
526 2193 673 2227 Nolano
700 2195 747 2236 (n.
770 2194 838 2236 61).

301 2244 337 2285 2)
362 2253 397 2276 u.
424 2243 553 2275 notam
581 2244 622 2274 17
649 2239 851 2274 Duchesnii
877 2251 911 2283 p.
934 2242 1012 2273 214.

302 2292 337 2333 3)
363 2288 408 2323 cf.
436 2299 547 2333 supra
572 2299 606 2332 p.
629 2287 726 2321 XLV
751 2287 835 2321 adn.
864 2291 894 2321 ι’)

302 2340 337 2381 4)
362 2336 486 2371 Irenes
513 2335 746 2380 epitaphium
772 2347 805 2370 n.
830 2338 883 2378 10,
911 2333 973 2367 ubi
1001 2333 1088 2367 uide
1115 2332 1297 2367 adnotata
1323 2330 1370 2365 ad
1397 2341 1431 2365 u.
1453 2333 1484 2364 9.
