1636 2593
190 130 246 171 80
623 127 1102 163 PSEVDODAMASIANA

185 236 434 272 Cronachetta
459 234 649 269 mensuale
683 234 721 268 di
748 234 987 279 archeologia
1013 245 1031 269 e
1059 234 1174 269 storia
1203 237 1294 269 1894
1317 246 1353 279 p.
1379 238 1422 268 21
1439 245 1530 278 sqq.,

186 282 354 318 DeWaal
385 282 454 317 Die
487 281 747 327 Apostelgruft
779 281 827 316 ad
860 281 1107 317 Catacumbas
1139 294 1187 317 an
1219 282 1284 317 der
1309 281 1382 316 Via
1408 281 1532 326 Appia

186 332 339 371 (Romae
362 332 467 374 1894)
487 342 521 374 p.
544 333 588 363 99
603 341 694 373 sqq.,
720 329 830 363 Rossi
850 329 946 364 Bull.
967 329 1067 364 crist.
1090 333 1181 364 1894
1199 341 1234 374 p.
1258 332 1325 364 147
1341 341 1392 373 sq.
1440 340 1533 364 caue

184 377 453 412 Damasianum
486 376 705 420 credideris,
744 376 871 410 obstat
907 376 1084 421 prosodia
1121 375 1323 421 (deuotam,
1361 377 1534 421 rependo)

186 425 377 469 formaque
403 424 616 459 litterarum
635 423 784 458 saeculo
805 423 938 468 quinto
965 423 1245 459 conuenientior
1264 435 1378 468 quam
1398 425 1532 468 quarto

281 477 298 506 1
325 474 465 517 suscipe
489 476 577 507 uota
603 472 715 507 libens
737 472 871 515 famuli
888 471 1118 518 mentemque]
1140 472 1306 507 deuotam
1330 470 1535 516 temptauit

185 519 339 554 Rossius
446 523 465 553 2
492 519 676 553 Damasus
703 522 782 562 61‚7
809 520 877 554 tibi
901 524 989 554 uota
1012 520 1178 564 rependo,
1204 522 1308 562 46,13
1335 518 1535 554 Satur-nim

184 569 252 602 tibi
276 572 417 613 martyr
442 579 519 602 vmea
543 571 632 601 uota
658 567 811 611 rependo
921 570 940 600 3
967 578 1058 601 ema
1083 567 1216 601 laboris
1241 565 1410 600 clausula
1435 565 1536 600 redit

188 618 277 658 19,7.
329 614 373 649 cf.
402 614 505 649 Grut.
536 617 637 657 1174,
666 618 684 648 7
712 631 756 642 =
782 613 891 648 Rossi
918 613 1018 648 IChr.
1046 613 1079 647 H
1102 625 1137 658 p.
1167 616 1251 657 110,
1278 617 1323 648 67
1350 612 1408 658 (cf.
1436 612 1533 647 Bull.

187 662 287 696 crist.
311 666 401 696 1878
427 674 462 706 p.
486 664 542 706 15)
563 662 765 707 presbyteri
785 666 904 696 tamen
921 662 980 696 hic
1000 662 1101 696 labor
1119 666 1169 696 est
1193 665 1225 696 et
1246 672 1337 696 eura
1355 661 1536 704 Philippi,

186 709 391 744 Buecheler
416 709 528 743 Anth.
556 708 670 753 epigr.
698 721 732 743 11.
760 711 828 742 318
862 709 1030 753 laborque
1054 710 1146 743 *inest
1176 708 1350 754 ctu-afflue
1376 707 1538 754 Pot]enti

188 756 246 801 (cf.
268 756 364 791 Bull.
387 756 485 791 crist.
509 759 596 790 1891
624 767 659 800 p.
682 759 725 790 25
753 757 791 790 et
810 758 868 799 26)
970 760 991 789 4
1017 756 1119 801 [dem
1143 760 1271 790 sancta
1295 756 1380 790 haec
1407 756 1535 790 limina

185 805 316 850 sedem]
337 804 457 847 Rossi,
480 804 552 850 [flet
571 804 666 838 hcmc
685 804 752 838 tribe?
771 803 890 838 Roma
909 804 1075 849 quietem]
1098 801 1258 837 deWaal
1331 806 1351 836 5
1379 802 1537 848 dumetis

186 853 353 887 clarescet
377 851 439 886 uel
464 852 679 895 splendescet
704 850 822 884 Rossi.
870 851 988 895 fior-ia
1013 851 1104 893 faeti
1129 849 1298 884 clausula
1318 848 1473 894 Vergili,
1500 861 1534 883 u.

188 899 272 933 adn.
295 903 352 942 3,4
425 902 445 933 6
472 898 567 932 latet
586 908 721 932 nomen
741 898 904 932 auctoris
925 900 967 932 ut
987 897 1147 932 uidetur.
1192 902 1276 932 tuas
1296 897 1436 942 [laudes
1459 925 1465 931 .
1483 925 1488 930 .
1506 925 1511 930 .
1530 924 1536 930 .

186 947 278 992 ipse]
301 947 456 991 probabi
480 945 632 980 Rossius
658 944 853 989 proposuit
879 956 1099 989 comparans
1119 943 1253 989 Vigilii
1280 954 1429 978 uersum
1456 946 1536 987 89,5

187 1005 274 1039 quos
299 998 520 1028 monstrante
545 994 609 1028 deo
634 993 822 1027 Damasus
846 994 916 1027 sibi
936 1004 1040 1037 papa
1061 993 1242 1036 probatos.
1289 990 1436 1033 Quirini
1461 990 1539 1035 epi-

189 1040 292 1086 scopi
317 1041 506 1084 quondam
532 1040 743 1083 sisciensis,
777 1051 887 1083 quem
918 1039 980 1074 hic
1012 1038 1184 1084 intellegi
1209 1038 1343 1073 uolunt
1375 1037 1537 1072 editores

188 1089 359 1132 Romani,
381 1090 466 1122 acta
486 1099 505 1122 e
526 1087 653 1122 codice
668 1087 852 1121 Vaticano
873 1087 975 1121 edita
996 1090 1083 1120 sunt
1103 1098 1160 1131 ap.
1178 1085 1348 1120 Bolland.
1364 1086 1460 1119 Acta
1477 1084 1536 1119 SS.

190 1137 206 1170 Ι
226 1136 304 1170 Iun.
325 1147 359 1180 p.
376 1139 442 1169 379
456 1147 533 1179 sqq.
572 1136 662 1169 nota
682 1136 810 1168 tamen
829 1145 874 1168 ea
894 1144 989 1178 quae
1010 1133 1063 1168 ibi
1082 1145 1117 1178 p.
1133 1136 1201 1168 383
1224 1133 1269 1167 de
1287 1131 1536 1166 translatione

188 1185 387 1218 narrantur
418 1185 533 1228 (quem
563 1183 629 1216 uia
654 1182 781 1226 Appia
811 1182 971 1216 miliario
997 1181 1102 1216 tertio
1132 1181 1347 1225 sepelierunt
1376 1180 1419 1214 in
1443 1180 1536 1214 basi-

189 1232 260 1266 lica
285 1231 526 1275 apostolmwn
553 1230 653 1264 Petri
678 1234 710 1264 et
736 1229 860 1271 Pauli,
888 1230 952 1263 ubi
976 1229 1176 1273 aliquando
1201 1229 1393 1262 iacuerunt
1416 1230 1451 1262 et
1475 1226 1539 1261 ubi

189 1290 216 1313 8.
238 1278 478 1313 Sebastianus
502 1282 644 1323 martyr
667 1278 856 1321 requiescit
885 1277 927 1310 in
953 1277 1026 1311 loco
1055 1277 1119 1320 qni
1143 1276 1280 1310 dicitur
1307 1274 1545 1309 Gatacumbas

192 1336 221 1360 0.
243 1337 277 1369 q.
299 1328 352 1369 3.),
386 1325 425 1359 111
457 1324 583 1359 codice
617 1323 767 1358 adiecta
801 1334 880 1358 0330
912 1334 1025 1357 manu
1050 1322 1267 1367 posteriore.
1318 1319 1543 1355 Prudentius

194 1372 418 1407 Sisciensem
447 1372 663 1417 episcopum
689 1371 855 1406 celebrat
881 1370 1012 1405 Perist.
1036 1370 1102 1404 VII

842 1540 893 1580 77

320 1639 1487 1686 .............SVBDVIDNOV....

316 1727 430 1771 Nata
462 1727 597 1769 Maria
629 1726 756 1767 simul
788 1727 901 1777 caro]
937 1739 1032 1765 cum
1065 1724 1195 1764 fratre
1227 1722 1387 1777 Nio[ne

401 1798 632 1854 gaudentes
665 1811 826 1838 sacram
857 1795 1167 1850 p]romer[uere
1198 1794 1337 1835 fidem.

319 1870 490 1911 diuitias
523 1868 715 1923 proprias
749 1866 907 1908 Christi
939 1868 1163 1920 praecepta
1194 1865 1326 1906 secuti

255 1952 274 1983 5
401 1939 659 1994 pauperibus
690 1939 808 1993 larga
841 1936 1093 1977 distribuere
1126 1951 1264 1977 manu.

320 2025 501 2065 quorum
534 2009 760 2064 praeclaris
792 2007 966 2049 monitis
998 2007 1218 2061 multoque
1251 2004 1394 2046 labore

402 2081 577 2122 accessit
608 2094 773 2121 summo
807 2082 951 2120 sancta
983 2080 1153 2118 caterua
1185 2077 1273 2117 deo.

320 2155 417 2207 post
449 2151 609 2192 animas
643 2149 812 2191 Christo
845 2149 1059 2190 tradentes
1090 2146 1294 2201 sanguine
1325 2144 1419 2185 fuso

404 2226 451 2263 ut
483 2223 616 2262 uitam
650 2223 864 2275 caperent,
896 2234 981 2261 non
1014 2219 1192 2260 timuere
1223 2215 1343 2257 mori.

236 2307 276 2335 1«)
321 2294 474 2335 horum
507 2293 687 2333 uirtutes
720 2306 844 2346 quem
876 2291 1016 2345 passio
1048 2289 1156 2330 lecta
1189 2286 1374 2339 docebit,

404 2365 483 2406 rite
515 2363 602 2404 suis
633 2362 804 2403 famulis
836 2362 968 2403 discet
999 2360 1141 2402 adesse
1174 2358 1308 2400 deum.
