1636 2593
150 87 212 122 XL
680 85 977 121 TESTIMONIA

153 210 251 251 que,
295 195 355 236 mi
392 194 643 235 Pauliniane
681 194 830 250 frater,
875 195 974 249 quia
1005 195 1272 249 supradictus
1303 194 1498 250 pontifex

150 255 376 308 Damasus,
410 254 482 308 qui
513 267 580 294 me
613 253 665 294 ad
695 253 777 295 1100
809 268 914 309 opus
944 257 1107 309 primus
1138 254 1382 309 impulerat,
1414 255 1500 296 iam

156 314 313 356 dormit
344 314 388 354 111
423 312 594 354 Christo
628 327 710 367 eqs.

241 431 413 473 Hieron.
459 432 569 485 epist.
612 430 765 472 XXII
794 434 855 473 :22
898 433 954 473 (αἱ
994 432 1260 473 Eustochium
1304 432 1361 484 (a.
1393 431 1502 485 384)

155 492 271 547 legas
292 490 603 532 Tertullianum
636 490 688 531 ad
720 491 902 531 amioum
934 490 1238 545 philosophum
1272 493 1313 531 et
1339 490 1388 531 de
1414 490 1500 531 uir-

153 551 333 607 ginitate
367 550 472 591 alios
504 549 672 591 libellos
705 552 747 591 et
778 549 893 591 beati
921 549 1123 604 Cypriani
1148 550 1350 591 uolumen
1383 563 1499 605 egre-

154 611 272 665 gium
313 612 354 650 et
389 623 522 664 papae
561 608 734 650 Damasi
773 624 899 664 super
935 608 1013 650 hae
1051 623 1095 650 re
1133 623 1259 650 uersu
1290 623 1501 664 prosaque

155 669 390 723 composita
405 667 438 724 1)
465 671 507 710 et
533 667 751 710 Ambrosii
783 668 919 710 nostri
952 683 1058 722 qua-e
1084 682 1218 722 nuper
1247 668 1418 722 scripsit
1448 667 1502 708 ad

157 742 344 770 sororem
378 728 592 782 opuscula.

243 846 416 888 Hieron.
456 847 567 899 epist.
607 845 741 888 XLV
772 846 848 900 (ad
883 845 1089 899 Asellam)
1125 846 1155 899 3¹
1187 849 1214 887 3
1275 852 1502 899 antequam

157 905 329 947 domum
374 908 543 946 sanotae
586 904 743 946 Paulae
788 919 973 959 nossem,
1017 905 1150 946 totius
1190 905 1235 945 in
1275 919 1342 945 me
1382 903 1502 944 urbis

155 965 295 1006 studia
346 964 646 1005 consonabant.
719 965 909 1006 omnium
958 978 1090 1018 paene
1140 963 1297 1005 iudicio
1349 963 1503 1019 dignus

155 1039 321 1066 summo
360 1024 597 1065 sacerdotio
636 1023 899 1065 decernebar.
968 1023 1116 1064 beatae
1154 1023 1383 1065 memoriae
1420 1021 1504 1063 Da—

155 1098 298 1125 masus
330 1097 449 1124 meus
481 1097 618 1124 sermo
652 1086 752 1124 erat.

243 1201 445 1243 Eiusdem
477 1201 587 1254 epist.
620 1200 837 1243 XLVIII
862 1201 991 1254 (circa
1022 1215 1058 1242 α.
1091 1203 1194 1254 393)
1231 1199 1261 1254 3
1287 1202 1342 1241 18
1403 1199 1503 1240 (111111

157 1261 377 1302 aduiueret
410 1260 481 1315 (cd.
510 1259 646 1302 adhuc
677 1258 862 1315 uiueret)
896 1263 1064 1301 sanotae
1095 1259 1325 1301 memoriae
1351 1258 1504 1299 Dama-

157 1335 239 1375 sus,
272 1320 430 1361 librum
463 1322 611 1360 eontra
636 1319 885 1360 Heluidium
919 1319 968 1360 de
1000 1319 1147 1361 beatae
1180 1318 1339 1360 Mariae
1369 1317 1503 1374 uirgi-

156 1380 289 1421 nitate
327 1381 531 1433 perpetua
569 1379 832 1433 scripsimus,
875 1379 920 1420 111
953 1393 1036 1433 quo
1067 1392 1235 1420 necesse
1266 1377 1350 1418 fuit
1379 1376 1504 1419 nobis

159 1439 210 1480 ad
247 1438 512 1494 uirginitatis
555 1438 863 1479 beatitudinem
907 1437 1230 1492 praedicandam
1274 1436 1410 1478 multa
1453 1435 1504 1476 de

157 1498 365 1539 molestiis
399 1497 535 1538 dicere
566 1498 824 1552 nuptiaium
877 1512 979 1537 num
1012 1497 1080 1537 uir
1111 1495 1307 1552 egregius
1339 1498 1381 1536 et
1412 1509 1495 1536 eru-

160 1557 273 1598 ditus
311 1557 355 1597 in
393 1556 614 1610 scripturis
653 1559 695 1597 et
729 1556 853 1611 uirgo
893 1556 1090 1597 ecclesiae
1135 1555 1316 1610 uirginis
1355 1554 1505 1596 doctor

161 1616 323 1670 aliquid
354 1616 398 1656 in
430 1615 504 1656 illo
539 1629 729 1656 sermone
762 1614 1061 1669 reprehendit?

248 1733 419 1775 Heeron.
459 1734 570 1786 epist.
608 1733 822 1775 CXXIII
846 1734 902 1775 ad
930 1732 1204 1786 Ayeruchz'am
1238 1733 1285 1773 de
1316 1745 1505 1786 monoga-

159 1794 246 1834 mia
285 1794 378 1846 (scr.
411 1807 447 1833 α
481 1793 586 1846 409)
622 1792 653 1846 3
679 1797 732 1834 10
776 1795 872 1833 ante
917 1806 1049 1833 annos
1086 1791 1295 1846 plurimos
1332 1805 1427 1832 cum
1459 1791 1503 1831 in

163 1852 321 1894 chartis
347 1852 642 1894 ecclesiasticis
668 1866 859 1893 niualem
884 1850 1116 1892 Damasum
1143 1850 1359 1892 Romanae
1384 1849 1505 1890 urbis

258 2005 291 2046 1)
317 2014 391 2038 11011
418 2005 548 2038 extant
568 2003 659 2038 haec
688 2002 883 2048 opuscula;
911 2002 1076 2037 celebrat
1103 2003 1227 2036 autem
1246 2000 1508 2046 uirginitatem

161 2051 201 2085 in
227 2050 348 2096 elogio
376 2050 512 2084 sororis
538 2062 572 2085 11.
597 2054 639 2084 10
665 2051 723 2093 (cf.
747 2049 861 2084 etiam
881 2061 914 2084 11.
931 2053 1000 2093 40).
1034 2049 1138 2083 Rade
1164 2049 1346 2083 Damasus
1372 2060 1406 2093 p.
1425 2051 1503 2091 148,

161 2098 277 2132 Ebert
303 2098 433 2133 Gesch.
463 2097 527 2132 der
553 2097 694 2132 christl.
722 2097 786 2131 lat.
811 2097 899 2131 Litt.
926 2109 960 2141 p.
979 2101 1055 2139 129,
1083 2095 1262 2130 Manitius
1289 2095 1419 2130 Gesch.
1441 2095 1507 2130 der

162 2145 302 2180 christl.
335 2145 400 2180 Jat..
433 2144 564 2180 Poesie
596 2157 630 2189 p.
664 2149 728 2179 122
762 2144 867 2188 (Mus.
895 2144 1011 2179 Rhen.
1038 2144 1066 2178 L
1098 2156 1132 2188 p.
1157 2144 1246 2187 192).
1300 2143 1344 2177 (10
1377 2142 1505 2177 codice

161 2193 324 2237 quodam
357 2192 550 2236 deperdito
582 2192 620 2226 in
647 2203 719 2236 quo
752 2191 920 2226 extitisse
946 2191 1063 2225 fertur
1087 2191 1245 2225 Damasi
1264 2201 1383 2235 papae
1411 2190 1501 2225 liber

163 2241 204 2275 de
229 2241 334 2275 uitiis
353 2242 395 2283 (5³)
422 2239 466 2273 cf.
494 2239 634 2274 Delisle
659 2239 728 2274 Les
754 2250 838 2273 11133.
867 2239 914 2273 (111
943 2240 1062 2273 comte
1083 2237 1384 2273 d'Ashburnham
1402 2242 1492 2282 p.87

162 2287 271 2323 Rossi
309 2286 404 2322 Bull.
438 2286 536 2322 crist.
573 2289 816 2321 1884—1885
849 2298 883 2330 p.
907 2290 943 2330 9,
988 2285 1260 2321 Bardenhewer
1290 2284 1505 2331 Patrologie
