1636 2593
606 129 877 164 PRAEFATIO
1312 131 1413 165 XXV

78 251 214 291 neque
245 236 385 277 minus
412 238 648 277 ceterorum
674 236 851 291 originis
877 236 1155 279 Damasianae
1182 239 1414 279 desideran-

80 300 151 337 tur
181 295 443 348 testimonia,
474 297 524 335 ut
554 295 644 336 iure
676 296 912 349 meritoque
946 297 1209 338 damnauerit
1240 297 1416 338 Rossius

79 355 209 411 (Bull.
242 354 353 395 crist.
389 354 691 394 1884—1885
722 369 762 408 p.
791 354 863 410 10)
902 358 950 395 ut
987 356 1111 409 plane
1144 355 1417 397 abhorrentia

80 429 104 455 a
143 413 317 455 Damasi
354 413 452 453 stilo
491 427 728 468 genereque
767 412 982 469 dicendi.1)
1046 415 1097 455 ad
1135 429 1240 468 quae
1278 429 1416 456 recen—

81 473 208 514 senda
239 487 335 513 cum
360 471 460 512 libri
486 486 615 512 manu
640 471 787 525 scripti
812 472 918 512 mihi
943 476 1110 526 praesto
1136 488 1223 514 non
1247 474 1418 527 fuerint,

81 531 434 586 adquiescendum
459 530 542 571 fuit
567 530 612 571 in
637 530 841 584 exemplis
862 530 1123 572 Fabricianis
1149 547 1172 572 a
1193 531 1416 573 Sar-azanio

81 591 239 632 Riuino
278 589 478 631 Merenda
516 589 735 643 expressis.
796 592 895 630 sunt
936 593 1076 631 autem
1113 591 1225 631 leuia
1262 591 1418 632 ieiuna-

82 664 161 704 que
193 650 279 690 fere
310 649 469 689 nullius
499 648 638 702 pretii.

172 707 372 762 Sequitur
422 722 590 748 carmen
641 707 689 748 de
739 707 967 761 saluafflre,
1017 707 1253 761 ‘paschale'
1305 708 1419 762 quod

83 767 212 823 uolgo
247 769 412 821 uocant,
442 766 638 822 Augusto
671 767 932 821 gratulatum
964 767 1139 807 missum
1167 766 1274 823 (68),
1307 767 1421 820 quod

82 827 127 868 in
164 826 286 867 libris
322 825 539 866 nonnullis
570 824 743 866 Damasi
782 825 952 865 nomine
990 826 1241 879 inscriptum
1279 840 1321 866 se
1359 826 1420 865 in—

81 886 246 926 uenisse
297 885 478 926 editores
528 884 699 938 quidam
750 884 959 924 adserunt.
973 882 1005 939 2)
1068 887 1215 925 contra
1259 885 1421 925 codices

84 959 247 998 omnes,
279 958 384 998 quos
417 943 587 997 quidem
618 943 780 984 Birtius
812 946 990 984 nouerat
1004 941 1056 998 3),
1091 941 1321 983 Claudiano
1354 943 1420 983 ad-

85 1005 256 1059 signant
286 1005 586 1068 receptumque
619 1005 682 1042 est
714 1017 737 1042 a
766 1002 1010 1042 nouissimis
1045 1001 1265 1042 Claudiani
1291 1001 1423 1042 edito—

84 1063 202 1103 iibus
243 1062 354 1103 inter
397 1062 580 1116 genuina
624 1061 713 1102 eius
757 1061 954 1102 carmina.
1015 1061 1051 1101 is
1096 1076 1197 1101 num
1238 1075 1282 1101 16
1322 1075 1424 1101 uera

87 1121 373 1175 composuerit
404 1121 474 1162 hic
498 1135 585 1161 non
612 1120 866 1174 disceptabo.
908 1120 1044 1160 fateor
1069 1122 1212 1160 tamen
1236 1119 1422 1160 Birtium

83 1180 191 1222 mihi
231 1195 318 1221 non
358 1194 531 1234 prorsus
572 1179 828 1233 persuasisse
870 1193 1038 1219 cannen
1079 1194 1102 1219 a
1142 1193 1306 1233 pagano
1348 1178 1423 1218 illo

84 1239 441 1294 peruicacissimo‚
474 1253 599 1293 quem
631 1240 756 1279 uocat
783 1237 957 1278 Orosius
977 1236 1060 1278 VII
1087 1238 1154 1292 35,
1184 1238 1422 1291 profectum

85 1313 185 1353 esse,
216 1312 352 1352 neque
384 1298 539 1338 certior
569 1296 675 1337 mihi
706 1296 934 1338 Niebuhrii
966 1297 1207 1337 coniectura
1238 1296 1330 1336 uisa
1361 1298 1425 1336 est

86 1357 390 1398 Merobaudem
426 1356 534 1397 illud
571 1356 800 1397 confecisse
837 1355 1042 1396 sumentis
1084 1358 1258 1409 propter
1297 1355 1424 1395 huius

87 1431 183 1457 011111
216 1416 348 1456 altero
382 1415 431 1456 dc
463 1415 585 1456 laude
620 1414 778 1455 Christi
811 1415 994 1455 carmine
1022 1412 1116 1469 (69)
1150 1414 1424 1454 adfinitatem.

87 1478 318 1529 utcumque
345 1474 478 1529 igitur
502 1488 569 1515 res
596 1488 638 1514 se
664 1473 804 1527 habet,
837 1474 910 1527 qui
937 1473 1099 1514 curiose
1119 1472 1291 1512 Damasi
1319 1486 1424 1526 quae

88 1536 234 1575 extant
272 1533 456 1589 genuina
496 1533 540 1573 in
572 1508 932 1577 comparationem
962 1532 1198 1585 uocauerit⁷
1236 1546 1327 1572 eam
1360 1531 1424 1571 de-

87 1593 319 1647 prehendet
352 1591 643 1646 differentiam‚
675 1594 724 1632 ut
755 1591 804 1632 de
835 1591 1019 1632 Damaso
1052 1593 1221 1631 auctore
1247 1590 1427 1645 cogitari

90 1652 261 1693 omnino
293 1666 380 1692 non
410 1651 556 1705 possit,
588 1651 632 1691 id
664 1650 777 1704 quod
800 1665 887 1691 non
912 1650 1025 1705 fugit
1052 1648 1322 1690 Sarazanium
1348 1648 1427 1688 hac

90 1712 134 1752 in
165 1726 209 1752 re
242 1711 474 1751 cautiorem
505 1709 705 1750 Merenda
737 1708 967 1765 iudicem.4)
1009 1723 1115 1763 quae
1148 1710 1294 1749 contra
1326 1707 1428 1748 dicit

88 1770 293 1811 Manitius
323 1770 485 1810 leuiora
516 1766 669 1823 suntsss)

179 1829 242 1870 De
285 1828 456 1882 hymnis
501 1826 588 1883 (70.
632 1825 705 1883 71)
750 1827 938 1867 breuiter
982 1826 1200 1867 absoluere
1244 1839 1428 1879 possum,

188 1946 220 1987 1)
245 1915 412 1978 notanda
443 1943 624 1988 imprimis
657 1953 751 1986 quae
785 1943 829 1976 de
862 1947 894 1977 et
925 1941 1080 1986 copulae
1106 1953 1175 1975 usu
1200 1940 1428 1975 Damasiano

91 1990 245 2036 exposui
270 1991 363 2025 Mus.
390 1991 506 2025 Rhen.
532 1991 609 2035 Lp
644 1994 709 2024 195
725 2002 777 2033 sq
805 1991 842 2024 et
867 1989 906 2023 in
932 1989 1016 2023 adn.
1046 1992 1098 2032 11
1109 1992 1139 2022 s).
1173 1988 1216 2022 cf.
1244 1987 1428 2022 MAmend

92 2038 248 2073 Studien
274 2050 317 2072 zu
344 2038 416 2072 den
442 2003 650 2072 Gedichten
677 2038 709 2072 d
736 2037 892 2081 Papstes
918 2036 1100 2070 Damasus
1125 2047 1159 2080 p.
1182 2039 1237 2069 20.

186 2088 221 2129 2)
246 2085 439 2119 Fabricius
464 2084 505 2119 in
530 2087 725 2119 comment
752 2084 791 2118 in
815 2085 914 2128 poet.
941 2083 1069 2118 eccles.
1096 2095 1130 2127 p.
1159 2086 1214 2116 35.
1242 2086 1296 2116 43.
1352 2081 1428 2114 Me-

92 2132 209 2167 renda
234 2132 322 2167 edit.
350 2145 384 2177 p.
407 2136 484 2167 136.

187 2182 222 2224 3)
247 2179 287 2213 111
312 2179 400 2214 edit.
429 2178 626 2214 Claudiani
651 2191 685 2224 p
705 2178 821 2213 LXIII
835 2190 913 2222 sqq.

188 2230 224 2271 4>
248 2226 357 2261 Rossi
383 2226 478 2261 Bull.
500 2226 598 2260 crist.
622 2229 854 2260 1884—1885
873 2237 907 2269 p.
925 2228 954 2259 9
973 2228 1025 2258 10.
1054 2223 1174 2257 Birt]
1191 2234 1219 2257 0
1240 2235 1273 2266 p
1287 2221 1429 2263 LXVII,

97 2273 161 2318 qui
186 2276 312 2308 tamen
340 2274 384 2308 de
413 2275 571 2308 ‘'sancta
600 2272 753 2307 Damasi
781 2271 984 2307 ‘barbarie’
1012 2282 1086 2305 non
1110 2272 1209 2304 recte
1234 2268 1386 2302 iudicat.

189 2323 223 2364 5)
254 2321 347 2356 Mus
381 2321 496 2355 Rhen.
523 2320 620 2354 XLV
656 2332 690 2364 p.
712 2324 791 2363 317,
837 2317 1056 2353 Geschichte
1096 2317 1159 2351 der
1197 2315 1292 2350 chris
1291 2315 1335 2349 tl.
1363 2314 1428 2349 lat

94 2367 224 2402 Poesie
248 2380 283 2412 p.
308 2372 385 2403 120.
413 2372 491 2402 325.
542 2367 587 2402 cf.
614 2367 758 2401 Amend
783 2349 805 2400 l.
828 2377 856 2400 0.
883 2378 917 2410 p.
941 2369 994 2400 21
