1636 2593
137 117 324 153 XXXVIII
660 117 963 163 TESTIMONIA

140 226 254 281 quod
292 227 490 267 inuentus
529 228 592 267 est
630 226 755 267 iudex
794 226 866 280 qui
905 227 1019 268 solus
1057 226 1293 281 imperialia
1325 227 1482 282 scripta

138 286 327 340 piissime
361 286 643 343 interpretans
675 284 901 326 tueretur.l

232 356 328 409 Cap.
363 355 551 398 XXX]7
574 355 742 410 (szne
766 370 809 409 p.
837 358 937 410 106)
955 342 1159 398 'habeant
1191 358 1255 398 1111
1287 356 1482 398 basilicas

141 430 243 457 auro
270 419 538 457 coruscantes
568 416 937 470 pretiosorumque
963 431 1222 457 marmorum
1250 415 1482 458 ambitione

137 475 315 516 uestitas
331 473 364 531 2)
404 475 474 516 uel
511 477 669 516 erectas
707 475 1025 530 magnificentia
1056 476 1367 530 columnarum3
1411 475 1482 516 ha-

139 534 267 575 beant
309 548 478 588 quoque
518 536 734 588 porrectas
776 535 820 575 in
860 534 1037 590 longum
1080 535 1382 589 possessiones,
1427 534 1481 576 ob

139 608 244 648 quas
282 597 323 634 et
360 594 464 634 fides
501 593 668 649 integra
704 594 943 648 periclitata
976 596 1055 635 est:
1101 594 1202 648 quid
1234 595 1362 635 etiam
1395 594 1482 635 suis

138 652 433 707 impietatibus
483 653 703 694 uindicant
752 668 996 694 communes
1037 652 1240 695 Romanis
1285 653 1484 695 omnibus

138 712 346 766 ciuitateS,
377 715 426 753 ut
456 713 669 754 neminem
702 712 745 753 in
776 712 843 753 his
875 713 942 767 pie
975 712 1119 753 uiuere
1145 713 1407 767 permittant,
1440 712 1483 753 in

140 771 295 826 quibus
328 786 351 811 a
382 771 578 825 plurimis
611 772 739 813 etiam
770 787 880 812 uana
905 771 1152 826 superstitio
1179 772 1268 813 sine
1294 771 1482 826 periculo

141 831 298 871 colitur
329 832 370 871 et
402 831 492 872 sine
524 831 697 872 illorum
729 831 891 872 inuidia
922 831 1193 872 uindicatur?
1248 831 1374 872 liceat
1405 830 1483 872 sal-

141 892 227 931 tem
268 890 442 931 ueritati
482 890 551 931 uel
593 891 703 931 inter
741 891 832 944 ipsa
863 890 1072 931 uilissima
1104 892 1146 931 et
1177 890 1342 931 abiecta
1366 904 1482 944 prae-

138 950 256 1004 sepia
297 948 514 990 Christum
553 949 677 990 deum
714 950 783 1004 pie
822 950 958 991 colere
998 964 1044 990 ac
1082 949 1264 990 fideliter
1296 949 1483 1003 adorare,

138 1008 213 1049 ubi
252 1011 293 1049 et
332 1008 559 1063 aliquando
599 1012 724 1050 natus
755 1009 986 1050 secundum
1018 1023 1186 1049 carnem
1219 1009 1330 1049 idem
1365 1007 1482 1049 Chri-

137 1070 228 1109 stus
261 1067 399 1108 infans
431 1068 565 1109 iacere
599 1068 796 1124 dignatus
829 1071 902 1109 est.

227 1185 414 1227 Ambros.
448 1187 559 1239 epist.
592 1186 743 1228 XVII
767 1190 819 1227 10
850 1186 907 1239 (a.
940 1187 1044 1239 384)
1088 1201 1187 1227 nam
1219 1188 1260 1227 et
1293 1188 1389 1227 ante
1422 1185 1482 1226 bi-

138 1245 311 1286 ennium
349 1245 498 1299 ferme,
542 1259 638 1286 cum
676 1246 757 1287 hoc
788 1248 930 1300 petere
963 1247 1238 1299 temptarent,
1282 1245 1399 1286 misit
1431 1245 1483 1286 ad

136 1319 204 1345 me
241 1307 412 1345 sanctus
450 1304 659 1346 Damasus
697 1304 913 1346 Romanae
955 1305 1153 1345 ecclesiae
1191 1304 1384 1345 sacerdos
1422 1304 1483 1345 iu<

138 1363 248 1404 dicio
294 1364 359 1404 dei
404 1362 562 1405 electus
606 1364 799 1405 libellum
844 1378 970 1419 quem
1009 1363 1229 1405 christiani
1268 1366 1482 1405 senatores

138 1423 344 1464 dederunt
376 1422 497 1479 eqs.3)

227 1540 464 1595 Symmachi
500 1541 612 1583 relat.
647 1541 773 1582 XXI
805 1541 862 1594 (a.
895 1542 1000 1594 384)
1035 1555 1077 1594 2).
1104 1542 1189 1582 295
1227 1540 1302 1594 (ed.
1343 1540 1482 1593 Seeck)

138 1600 391 1655 respondeat
429 1600 584 1641 litteris
616 1600 802 1654 episcopi
835 1599 1026 1653 Damasi,
1066 1599 1220 1654 quibus
1252 1600 1483 1641 adsectato-

137 1674 205 1700 res
237 1659 424 1700 eiusdem
457 1659 676 1715 religionis
707 1659 882 1715 negauit
907 1659 1038 1700 ullam
1065 1659 1366 1700 contumeliam
1392 1674 1483 1714 per-

139 1719 287 1759 tulisse
310 1752 465 1759 ......
486 1733 584 1759 sane
623 1718 827 1759 laudabili
871 1719 965 1759 uiro
1005 1719 1202 1772 episcopo
1249 1718 1482 1774 denegante

138 1778 275 1818 ullum
314 1792 334 1818 e
374 1778 460 1818 suis
500 1780 572 1818 aut
611 1792 774 1819 carcere
813 1780 886 1818 aut
924 1778 1106 1818 uinculis
1145 1777 1317 1818 attineri
1349 1781 1391 1819 et
1423 1777 1481 1818 of—

138 1837 235 1878 ficio
269 1836 413 1878 eadem
445 1840 698 1893 suggerente
731 1838 894 1893 ignoro,
928 1852 1033 1890 quos
1064 1836 1334 1891 potissimum
1366 1851 1482 1891 prae-

138 1896 334 1950 ceperitis
367 1895 586 1952 absolui.4)

228 2014 399 2056 Hieron.
432 2015 564 2055 cleron.
599 2016 655 2055 ad
683 2028 720 2055 α.
748 2014 847 2055 Abr.
874 2016 991 2055 2332
1023 2014 1183 2067 (22197
1208 2014 1264 2055 ed.
1287 2012 1482 2066 Schoene)

138 2073 354 2114 Romanae
388 2073 585 2114 ecclesiae
618 2073 781 2114 XXXV
819 2073 1039 2114 ordinatur
1077 2073 1298 2127 episcopus
1330 2072 1481 2113 Dama-

236 2231 268 2270 1)
295 2226 398 2260 Rade
425 2225 448 2260 l.
470 2236 499 2259 c.
526 2237 559 2269 p.
583 2229 636 2259 46.

236 2277 269 2309 ’2)
296 2273 340 2307 cf.
369 2272 483 2318 epigr.
511 2285 544 2307 n.
567 2276 611 2306 35
638 2273 876 2307 marmoribus
901 2274 1030 2307 uestita
1054 2301 1059 2305 .
1084 2301 1088 2306 .
1114 2301 1118 2306 .
1143 2301 1147 2306 .

235 2322 269 2365 3)
296 2320 416 2354 MIhm
443 2319 575 2354 Studia
602 2319 848 2354 Ambrosiana
874 2332 908 2364 p.
930 2323 984 2354 43.

236 2371 269 2412 4⁴1
298 2368 413 2402 Seeck
438 2367 577 2412 proleg.
606 2366 644 2400 in
671 2366 805 2411 Symm.
833 2379 866 2411 p.
889 2366 978 2401 LIV.
1006 2366 1095 2401 LVI.
