1636 2593
678 110 829 144 INDEX
856 110 889 145 V
1370 111 1448 151 141

326 220 370 250 30
420 215 581 250 Tiburtii
607 216 779 260 martyris
807 216 970 261 elogium

327 267 368 297 31
422 262 599 307 Gorgonii
625 263 798 307 martyris
825 263 988 308 elogium

325 314 367 344 81
418 310 551 344 titulus
579 310 729 344 Castulo
754 310 910 355 martyri
936 322 957 345 a
983 310 1140 345 Venerio
1169 310 1361 345 dedicatus

130 379 215 413 VIII
244 379 327 414 VIA
353 379 619 414 TIBVRTINA

325 442 368 472 32
419 437 648 482 epigramma
674 438 786 473 altari
805 438 984 473 basilicae
1011 450 1037 474 s
1059 439 1251 474 Laurentii
1276 440 1451 484 martyris

467 485 505 518 in
531 496 620 530 agro
647 486 793 520 Verano
819 485 1038 530 inscriptum

327 532 395 565 33*
421 532 554 566 Leonis
587 532 752 577 episcopi
784 532 1015 577 epitaphium
1052 534 1099 567 ad
1131 545 1157 568 s.
1185 534 1375 568 Laurentii
1415 534 1453 567 in

469 590 559 624 agro
585 579 731 614 Verano

326 627 394 659 34*
420 626 601 661 Florentii
626 626 765 661 leuitae
792 626 1027 671 epitaphium
1051 627 1193 662 ibidem

255 677 369 707 35.36
419 673 629 718 fragment-a
667 673 862 708 titulorum
898 674 1136 708 metricorum
1172 686 1246 719 rep.
1287 676 1326 708 in
1363 686 1452 719 agro

468 720 613 755 Verano

327 770 371 801 37
420 767 616 811 Hippolyti
642 767 815 811 martyris
843 767 1005 812 elogium

326 814 396 848 38*
421 814 554 848 titulus
581 814 767 849 Timothei
795 815 1000 858 presbyteri
1034 815 1073 848 in
1105 818 1234 860 crypta
1259 816 1454 860 Hippolyti

327 861 396 895 39*
422 861 632 906 fragmenta
657 861 761 896 tituli
786 862 825 895 in
852 863 982 906 crypta
1008 862 1203 907 Hippolyti
1228 874 1302 907 rep.

327 912 370 942 82
420 908 552 943 Leonis
577 908 787 953 presbyteri
813 920 960 943 carmen
993 909 1041 943 ad
1067 913 1234 954 cryptam
1259 909 1454 954 Hippolyti

471 958 642 1000 spectans

327 1006 371 1037 83
421 1003 594 1037 carminis
633 1003 770 1038 aetatis
808 1002 1023 1048 Vigilianae
1067 1003 1277 1048 fragmenta
1314 1004 1454 1038 ibidem

468 1052 616 1094 reperta

114 1120 218 1154 VIIII
244 1120 327 1155 VIA
353 1119 663 1155 NOMENTANA

326 1183 370 1214 40
420 1180 576 1224 Agnetis
603 1180 777 1224 martyris
804 1180 967 1225 elogium
992 1180 1030 1214 in
1057 1180 1135 1215 eius
1161 1180 1319 1215 basilica

328 1230 373 1261 84
423 1238 571 1262 carmen
598 1227 864 1262 Constantinae
890 1227 929 1261 111
955 1239 981 1262 s.
1003 1228 1185 1272 Agnetem

329 1278 371 1308 85
422 1274 610 1308 Afrodites
656 1274 788 1309 titulus
832 1274 1047 1319 sepulcralis
1090 1286 1187 1309 nunc
1234 1276 1364 1309 extans
1416 1275 1455 1308 in

470 1333 496 1355 s.
524 1321 680 1366 Agnetis

187 1391 220 1425 X
246 1391 329 1425 VIA
356 1391 561 1425 SALARIA
587 1391 723 1426 NOVA

328 1450 399 1483 41*
427 1461 452 1484 s.
474 1450 682 1485 Felicitatis
708 1450 880 1497 martyris
908 1450 1070 1495 elogium

329 1501 372 1530 42
422 1499 603 1541 martyres
644 1498 818 1542 anonymi
856 1509 1006 1532 numero
1045 1498 1186 1532 incerto
1228 1498 1363 1543 sepulti
1408 1498 1456 1532 ad

471 1556 516 1579 ss.
545 1544 818 1589 Chrysanthum
856 1547 893 1579 et
925 1545 1093 1589 Dariam,
1133 1556 1258 1580 eorum
1294 1545 1456 1590 elogium

470 1592 737 1626 Damasianum

329 1642 373 1672 43
424 1639 621 1683 sexaginta
648 1640 803 1673 duorum
829 1641 1033 1683 martyrum
1060 1639 1221 1684 elogium
1252 1639 1291 1673 in
1317 1650 1456 1673 coeme-

470 1686 565 1720 terio
593 1698 638 1721 ss.
661 1686 886 1730 Chrysanthi
912 1689 950 1720 et
975 1686 1110 1720 Dariae

330 1735 373 1766 4-1
424 1733 545 1766 Mauri
570 1733 676 1778 pueri
702 1733 875 1777 martyris
903 1733 1066 1777 elogium
1091 1733 1232 1768 ibidem

329 1783 373 1813 45
424 1779 557 1814 titulus
578 1780 803 1824 martyribus
825 1780 963 1825 ignotis
983 1780 1127 1824 positus
1151 1781 1199 1814 ad
1221 1792 1246 1815 s.
1269 1780 1457 1815 Saturnini

329 1830 373 1860 4ss
424 1826 586 1871 elogium
613 1840 639 1862 s.
662 1827 852 1861 Saturnini
878 1827 1051 1871 martyris
1079 1827 1136 1871 (cf.
1160 1830 1217 1871 88)

330 1877 373 1907 47
424 1874 557 1908 Felicis
588 1877 625 1909 et
650 1874 816 1919 Ihilippi
849 1874 1021 1919 (filiorum
1055 1886 1081 1909 s
1110 1874 1332 1919 Felicitatis)
1363 1886 1458 1908 mai-

470 1923 594 1965 tyium
620 1921 783 1966 elogium
808 1921 847 1955 in
867 1922 1088 1956 coemeterio
1109 1921 1301 1956 Priscillae
1323 1921 1380 1965 (cf.
1401 1923 1457 1965 91)

331 1970 375 2000 48
424 1967 593 2002 Malcelli
619 1980 739 2013 papae
765 1969 927 2013 elogium
953 1969 1094 2003 ibidem

330 2017 407 2049 86⁶1
427 2016 464 2048 et
490 2016 509 2050 b
559 2015 829 2060 epigrammata
867 2016 916 2050 ad
954 2017 1231 2050 monumentum
1269 2028 1294 2050 s⁴
1326 2014 1458 2049 Felici-

472 2061 562 2096 tatis
591 2063 800 2106 spectantia

330 2112 373 2142 87
426 2119 573 2143 carmen
605 2109 645 2142 in
670 2109 837 2154 sepulcro
864 2109 1088 2154 Chrysanthi
1113 2109 1321 2153 Dariaeque
1353 2108 1456 2143 resti-

471 2157 553 2190 tuto
581 2158 705 2190 aetate
731 2159 773 2190 ut
798 2157 948 2191 uidetur
973 2157 1164 2201 Vigiliana

330 2206 374 2236 89
424 2202 560 2237 Vitalis
587 2203 772 2237 Martialis
792 2204 995 2238 Alexandri
1019 2206 1223 2247 martyrum
1249 2202 1456 2247 sepulcrum

473 2261 494 2284 a
519 2249 660 2294 Vigilio
686 2250 901 2284 restitutum
927 2253 964 2285 et
990 2250 1152 2284 carmine
1179 2252 1349 2284 ornatum

332 2300 375 2330 90
426 2296 675 2341 fragmentum
695 2297 890 2332 metricum
909 2309 984 2342 rep.
999 2297 1096 2332 inter
1109 2296 1329 2331 coemeteria
1344 2296 1458 2331 Thra-

474 2343 571 2378 sonis
599 2346 637 2378 et
663 2344 905 2379 Iordanorum
