1636 2593
576 124 848 159 PRAEFATIO
1259 127 1376 161 XXIX

38 230 128 271 uita
160 245 211 271 ex
243 230 458 271 codicibus
489 246 586 272 mss.
619 245 714 272 cum
746 233 858 274 notis
890 233 1035 274 Martii
1066 234 1222 275 Milesii
1257 233 1375 275 Sara-

39 289 149 329 zanii
192 287 223 330 I.
265 288 307 330 C.
339 288 556 344 Romani',
600 289 759 331 Romae
805 307 838 332 a.
885 291 1051 341 16331)
1115 292 1376 334 Fabricianis

41 348 194 388 adiecit
235 348 422 389 carmina
464 349 621 404 uiginti
665 364 835 403 nouem,
881 342 1062 404 quorum
1104 352 1289 406 quinque
1322 368 1373 393 ex

35 406 249 461 lapidibus
276 407 440 461 excepit
467 406 525 462 (n.
551 408 590 448 4.
617 408 684 449 27.
711 408 778 449 31.
804 409 872 450 49.
898 409 953 450 53
986 410 1112 451 huius
1144 411 1375 464 editionis),

37 466 201 520 reliqua
233 466 270 506 ei
302 466 681 520 suppeditauemnt
714 465 919 509 Gruterus
952 466 1060 524 (cod.
1088 468 1139 525 L)
1174 472 1215 510 et
1246 470 1373 510 Baio

38 523 190 581 nius2).
234 525 378 578 spuria
409 525 633 566 iudicanda
664 528 762 566 slmt
787 530 954 580 praeter
979 527 1229 568 Fabriciana
1254 530 1375 569 1119.

37 583 106 624 20.
139 583 206 624 36.
240 584 306 624 38.
339 584 396 625 40
436 582 581 639 (huius
619 584 817 626 editionis
854 601 893 626 n.
923 586 1016 627 102.
1052 586 1146 627 103.
1179 587 1246 627 87.
1282 588 1375 627 101.

41 642 156 697 105).
218 643 367 684 iisdem
404 643 491 684 fere
527 643 661 698 copiis
692 658 793 684 usus
825 647 887 685 est
919 644 1109 686 Andreas
1139 645 1374 690 Riuinus,

37 702 157 742 cuius
189 702 318 743 editio
353 701 415 743 Ἥ.
447 702 621 743 Damasi
653 702 823 743 natione
856 703 1053 758 Hispani,
1084 704 1374 745 Romanorum

37 761 165 815 primi
196 761 347 815 pontif.
379 776 463 802 mx.
495 762 682 802 carmina
714 776 830 802 sacra
861 761 1010 815 hymni
1049 763 1185 818 elogia
1217 766 1258 803 et
1291 764 1375 816 epi-

37 822 293 875 grammata,
332 835 438 874 quae
476 820 548 861 ille
580 820 766 861 basilicis
798 821 999 874 platoniis
1031 824 1072 861 et
1103 822 1292 862 conciliis
1324 837 1376 862 ss.

36 881 273 932 martyrum
310 879 470 920 Romae
507 880 594 920 fere
632 880 864 933 inscripsit,
903 880 973 920 (1111
1012 895 1109 921 sane
1144 880 1375 921 desiderata

36 952 113 978 nec
144 939 310 992 uspiam
342 939 456 993 typis
487 938 691 980 hactenus
707 938 740 994 ⁰)
774 939 901 979 simul
933 939 1148 993 euulgata,
1180 953 1290 979 nunc
1323 940 1373 979 si-

35 997 220 1052 gillatim
252 1012 272 1038 e
304 997 426 1039 Rom.
458 998 742 1039 marmoribus
772 998 1006 1051 priscisque
1038 997 1374 1038 Christianorum

37 1057 323 1097 monumentis
366 1071 578 1111 manuque
622 1056 779 1111 partim
823 1057 1005 1098 exaratis
1048 1057 1204 1110 partim
1248 1057 1374 1097 etiam

36 1115 161 1156 editis
200 1116 316 1157 codd.
349 1119 550 1171 congesta
589 1116 822 1157 emaculata
860 1118 902 1157 et
938 1116 1052 1156 notis
1089 1115 1290 1156 breuibus
1329 1116 1375 1156 11-

35 1173 216 1215 lustrata
242 1175 294 1216 ab
315 1174 485 1216 Andrea
511 1175 690 1216 Riuino’
723 1174 891 1228 Lipsiae
922 1174 1081 1228 prodiit
1113 1189 1221 1215 anno
1252 1174 1375 1215 1652.

35 1233 232 1289 adsignat
257 1236 400 1275 autem
424 1235 618 1288 pontifici
645 1234 926 1289 quadraginta
951 1236 1153 1287 quattuor
1178 1234 1375 1286 carmina,

33 1291 233 1333 dubitans
271 1295 439 1334 tantum
477 1293 525 1334 de
565 1293 729 1334 duobus
768 1291 913 1347 (huius
951 1292 1148 1333 editionis
1179 1307 1218 1332 n.
1246 1292 1299 1332 89
1334 1295 1374 1332 et

34 1350 124 1406 91),
157 1366 252 1392 cum
284 1352 370 1393 sint
395 1352 622 1393 subditicia
648 1350 990 1406 duodeuiginti&
1025 1351 1068 1392 in
1093 1351 1206 1392 notis
1233 1354 1372 1391 autem

34 1424 168 1463 pauca
200 1410 305 1452 bene
339 1411 601 1466 Obseruauit,
638 1411 822 1465 plurima
859 1425 935 1464 pro
973 1425 1048 1450 sua
1080 1410 1253 1450 audacia
1284 1424 1373 1463 pes-

35 1469 258 1510 sumdedit.
320 1473 489 1511 centum
524 1471 610 1511 fere
644 1470 764 1510 annis
795 1472 892 1524 post
924 1469 1052 1510 editio
1084 1469 1222 1509 lucem
1253 1469 1373 1521 uidit,

36 1542 119 1581 qua
155 1529 346 1583 plerique
386 1530 450 1569 uti
487 1529 642 1583 solent,
685 1528 863 1569 Antonii
907 1528 1065 1569 Mai-iae
1109 1527 1373 1568 Merendae

34 1586 97 1628 (ὃ.
130 1587 302 1628 Damasi
334 1603 467 1642 papae
500 1588 702 1642 opuscula
735 1590 776 1628 et
807 1590 926 1642 gesta
958 1601 1053 1627 cum
1084 1587 1198 1627 notis
1229 1586 1284 1627 M.
1317 1586 1372 1627 M.

34 1644 250 1688 Sarazanii
282 1647 436 1688 iterum
469 1648 657 1701 collecta,
688 1661 799 1687 nunc
831 1661 932 1687 uero
961 1646 1147 1700 primum
1179 1648 1301 1686 aucta
1333 1648 1374 1685 et

32 1705 244 1746 illustrata
288 1706 482 1747 diatribis
527 1706 707 1760 duabus,
757 1705 888 1746 altera
939 1705 987 1746 de
1032 1705 1162 1759 gestis
1211 1704 1372 1744 Liberii

34 1764 187 1819 exulis,
231 1765 363 1806 altera
400 1780 453 1806 an
484 1765 692 1806 Damasus
730 1765 885 1805 fauerit
922 1763 1147 1818 aliquando
1186 1763 1372 1803 Maximo

33 1824 181 1877 cynico
209 1824 410 1865 aduersus
431 1823 685 1880 Gregorium
705 1824 1020 1866 Nazianzenum
1046 1825 1088 1863 et
1112 1821 1372 1875 Nectarium,

33 1882 190 1936 quibus
227 1886 395 1937 praeter
431 1883 614 1925 indicem
652 1883 925 1924 materiarum
957 1882 1214 1922 adiiciuntur
1246 1881 1372 1921 etiam

131 1989 163 2032 1)
189 1987 281 2021 mihi
314 1988 429 2023 editio
462 1988 580 2023 altera
606 1987 777 2022 Parisina
808 1998 839 2022 a.
870 1990 958 2021 1672
991 1986 1105 2030 (apud
1130 1985 1269 2020 Ludou.
1297 1984 1372 2018 Bil-

32 2033 146 2078 laine)
165 2037 313 2079 praesto
335 2035 416 2079 fuit,
437 2035 502 2070 ubi
523 2035 689 2070 carmina
708 2035 883 2079 leguntur
903 2032 1176 2068 commentariis
1190 2032 1371 2066 instructa

32 2093 67 2126 p.
91 2086 156 2116 135
173 2094 248 2126 sqq.
300 2082 505 2127 praemissa
538 2085 595 2117 est
620 2082 782 2127 epistula
809 2080 1039 2116 dedicatoria
1065 2079 1232 2115 Federici
1257 2079 1371 2113 Vbal-

33 2128 129 2173 dini,
163 2129 228 2173 qui
253 2129 405 2165 iubente
432 2130 629 2164 Francisco
657 2129 860 2163 Barberino
894 2127 1082 2162 cardinale
1109 2126 1246 2161 librum
1272 2126 1368 2159 foras

34 2175 149 2210 dedit.
194 2176 355 2221 repetita
381 2180 437 2212 est
463 2177 579 2212 editio
601 2177 641 2211 in
660 2176 823 2210 Maxima
843 2175 934 2210 bibl.
950 2177 1022 2209 net.
1038 2176 1132 2219 patr.
1148 2173 1219 2208 1101.
1236 2172 1369 2206 XXVII

34 2223 216 2268 (Lugdun.
246 2225 351 2269 1677)
376 2237 410 2269 p.
433 2229 475 2259 55
491 2236 567 2267 sqq.

130 2272 164 2314 2)
190 2271 322 2305 Annal.
351 2271 479 2306 eccles.
508 2272 555 2305 ad
582 2283 613 2304 a.
641 2274 719 2305 384.

129 2320 163 2361 3)
189 2329 264 2352 non
288 2321 445 2353 nouerat
471 2318 535 2352 ille
563 2317 766 2352 editionem
793 2316 994 2351 Sal-azanii.

131 2367 165 2409 4)
191 2377 225 2399 n.
247 2368 267 2399 8
294 2365 588 2400 Prudentianum
614 2367 669 2399 est
695 2364 819 2409 perist.
841 2364 936 2398 VIII.
