1636 2593
152 133 207 173 28
544 133 728 167 DAMASI
754 133 1113 168 EPIGRAMMATA

247 239 423 284 Tigridae
452 239 601 273 diaconi
628 239 791 284 elogium
818 240 1056 275 coniunctum
1090 251 1173 274 cum
1198 240 1397 285 Redempti
1424 240 1501 286 epi-

151 287 282 331 taphio
309 290 381 331 (21)
408 286 447 320 in
472 287 499 320 L
525 287 699 331 traditur,
726 287 792 321 ubi
817 287 920 322 locus
946 299 1021 322 non
1046 287 1245 323 indicatur.
1294 288 1333 322 in
1360 299 1502 322 coeme-

152 334 247 369 terio
270 333 417 368 Callisti
445 334 632 379 sepultum
657 334 771 369 fuisse
792 335 945 369 Rossius
967 335 1102 370 statuit
1120 335 1379 379 probabiliter.
1425 336 1503 370 edi-

154 382 288 416 derunt
315 381 418 416 Grut.
448 386 556 426 1174,
585 386 620 426 1,
658 382 839 417 Baronius
867 395 898 417 a.
929 387 1014 426 385,
1047 383 1156 417 Rossi
1188 383 1306 418 Roma
1338 384 1424 418 sott.
1451 383 1503 417 III

151 442 185 474 p.
216 433 282 462 241
317 431 354 463 et
380 429 481 464 IChr.
509 429 542 463 II
570 441 604 474 p.
636 433 701 464 108
728 442 762 465 n.
791 434 852 474 61,
885 430 950 464 ubi
982 443 1016 475 p.
1045 434 1113 464 510
1145 430 1242 465 inter
1273 430 1503 465 Damasiana

151 478 391 511 enumeratur
417 478 463 520 (u.
484 476 616 521 praef.)

248 528 265 558 1
301 524 345 558 cf.
386 523 493 558 Ouid.
528 524 677 559 Heroid.
711 524 795 559 VIII
828 529 869 559 31
904 526 983 559 uita
1014 527 1141 570 gyrauis
1172 531 1298 560 (metor
1329 531 1360 561 et
1392 526 1502 561 amasis

248 576 268 605 ‘2
294 572 440 606 sedulus
466 583 508 606 ac
529 573 678 616 penitus
703 572 856 606 Rossius
890 572 1040 617 scripsit
1071 583 1137 617 pro
1170 573 1309 607 codicis
1338 574 1503 608 saeculus

152 620 330 662 (monitus,
370 618 551 653 Baronius
584 621 728 654 sedulus
760 632 802 655 ac
834 625 936 655 totus.
989 619 1033 654 cf.
1061 620 1169 665 Verg.
1202 620 1333 665 Georg.
1367 620 1400 654 H
1433 624 1502 654 290

151 667 262 701 altior
295 678 338 701 ccc
359 667 517 711 penitus.
570 667 614 701 de
642 666 810 701 clausula
835 679 869 702 u.
898 667 981 701 adn.
1010 671 1069 711 2‚1
1194 671 1213 701 3
1242 667 1369 712 ‘iunge
1395 669 1505 703 cmw'cz'

150 714 332 758 supreme?
367 713 581 749 Buecheler.
633 714 787 749 Rossius
822 716 960 750 anricus
998 714 1162 749 scribens
1198 717 1320 749 totum
1354 726 1503 749 uersum

151 760 250 795 adici
283 761 366 795 uult
403 761 525 805 qualis
558 763 615 796 est
650 763 794 797 nomine
832 774 939 807 quam
965 764 1118 807 proprio
1149 763 1336 797 Damasus
1366 763 1504 797 solacia

149 813 286 844 maesta
405 812 427 842 4
453 810 587 844 demere
612 821 804 854 supraenm
830 809 1002 853 traditur,
1034 821 1100 844 em.
1129 809 1272 844 Gruter.
1319 810 1363 844 cf.
1391 810 1500 854 Verg.

151 856 241 891 Aen.
269 856 319 890 XI
351 860 394 890 25
434 857 595 891 decorate
631 858 806 902 suprfflnis
843 858 1068 900 mmzerc'bus,
1106 857 1156 891 IX
1188 861 1254 891 213
1293 858 1503 902 decoratque

150 905 328 948 sepulcro,
354 903 559 938 Buecheler
578 904 690 939 Anth.
713 904 827 949 epigr.
847 917 881 939 n.
905 908 972 938 5²23
1000 905 1166 950 [infeli]ae
1190 906 1335 939 iuuenis
1359 916 1504 939 mmzere

151 952 312 986 decorate
336 962 537 995 suppremo.
588 951 747 986 formula
777 953 818 987 de
843 963 938 987 more
963 952 1135 995 frequens
1168 953 1269 996 apud
1294 951 1504 996 Vergilium

152 998 298 1041 (eadem
324 1009 452 1032 uersus
480 999 566 1033 sede
599 1010 628 1034 e.
659 1011 711 1044 gr.
740 1000 828 1034 Aen.
857 1000 871 1032 I
899 1003 976 1033 318.
1004 999 1055 1032 IV
1081 1003 1135 1033 57.
1163 999 1212 1033 XI
1234 1001 1291 1043 35)
1326 998 1503 1033 Ouidium

153 1045 285 1079 Silium
317 1045 484 1089 aliosque
607 1051 626 1080 5
660 1048 793 1082 ticricla
825 1047 951 1081 codex,
1004 1046 1076 1081 CIL
1105 1046 1174 1080 XII
1200 1050 1268 1080 452
1298 1046 1505 1090 TIRIDAS,

150 1093 183 1127 V
204 1096 295 1127 6483
323 1092 638 1128 TIGRIDIANVS

787 1213 875 1255 21*

214 1306 407 1363 Stringe,
441 1308 578 1363 dolor,
611 1308 817 1349 lacrimas.
872 1308 1056 1363 quaeris,
1088 1308 1230 1363 p]lebs
1262 1310 1422 1363 sancta,

1148 1379 1451 1434 [Redemptum

212 1450 406 1490 lenitam:
439 1450 581 1491 subito
614 1451 757 1504 rapuit
789 1450 871 1491 sibi
904 1451 1039 1506 regia]
1074 1451 1189 1492 caeli.

213 1521 352 1561 dulcia
383 1521 572 1562 nectario
605 1521 829 1575 promebat
861 1521 1007 1575 mel]la
1039 1536 1190 1562 canore

214 1591 468 1646 prophetam
501 1591 717 1632 celebrans
748 1592 915 1646 placido
948 1592 1276 1646 m]odulam[ine
1309 1606 1470 1633 senem:

154 1674 172 1703 5
211 1662 314 1703 haec
346 1662 429 1702 fuit
461 1662 642 1703 insontis
674 1663 781 1717 uita,
814 1663 1002 1716 laudata]
1037 1663 1267 1717 iuue[ntus.

213 1733 375 1774 inuidia
407 1734 556 1774 infelix
590 1734 759 1774 tandem
792 1748 1017 1788 conpressa
1050 1734 1247 1788 quiescit,

214 1819 326 1845 nunc
359 1805 579 1859 paradisus
605 1804 750 1859 habet,
783 1805 964 1859 sumpsit
994 1805 1065 1858 qui
1094 1820 1143 1846 ex
1170 1805 1291 1846 hoste
1318 1808 1502 1859 tropaea.

252 1909 518 1953 Fragmentum
539 1908 652 1953 elogii
669 1909 867 1953 Redempti
888 1909 1024 1944 litteris
1045 1909 1262 1954 uolgaribus
1283 1909 1503 1954 inscriptum

155 1956 193 1990 in
214 1956 428 1990 coemeterii
444 1955 590 1990 Callisti
610 1956 761 2001 regione
776 1956 976 1991 Liberiana
995 1956 1147 2001 prodiit,
1168 1956 1276 1991 Rossi
1290 1957 1385 1992 Bull.
1401 1957 1501 1992 crist.

157 2008 246 2038 1875
273 2015 306 2047 p.
331 2007 390 2047 78,
417 2004 536 2038 Roma
563 2005 647 2038 sott.
670 2004 719 2037 ΠΙ
745 2016 778 2048 p.
802 2007 868 2038 236
884 2016 961 2047 sqq.
990 2013 1037 2047 (u.
1063 2004 1352 2039 delineationem
1379 2017 1412 2049 p.
1435 2008 1503 2038 244

152 2063 186 2085 n.
210 2053 253 2091 2‘).
298 2051 484 2095 integrum
505 2051 532 2084 L
554 2051 706 2085 exhibet
732 2051 969 2085 subiunctum
990 2051 1145 2085 carmini
1166 2052 1356 2096 superiori.
1397 2051 1501 2086 Grut.

159 2101 260 2142 1174,
285 2102 313 2142 1,
341 2098 524 2132 Baronius
545 2110 576 2132 a.
599 2102 677 2143 385,
704 2098 882 2133 Merenda
902 2099 1060 2143 append.
1081 2111 1115 2133 n.
1137 2099 1198 2142 IV,
1219 2099 1326 2133 Rossi
1347 2098 1446 2134 IChr.
1468 2099 1503 2133 II

152 2158 186 2189 p.
205 2150 270 2179 109
295 2157 328 2179 n.
346 2150 385 2179 (51
399 2157 430 2180 a.
470 2146 514 2179 cf.
538 2145 741 2180 Buecheler
761 2145 872 2180 Anth.
894 2146 1009 2191 epigr.
1032 2147 1080 2180 ad
1100 2158 1133 2181 n.
1152 2150 1228 2181 761.
1272 2146 1501 2180 imitatorem

155 2192 304 2226 Damasi
332 2192 455 2236 audio,
484 2205 515 2226 u.
544 2193 659 2237 praef.

251 2244 266 2273 1
298 2241 397 2284 plebs
427 2245 555 2275 sancta
587 2240 685 2275 redit
716 2240 755 2274 in
787 2245 830 2274 8⁴3
864 2243 901 2275 et
932 2241 1090 2276 fortasse
1125 2241 1164 2274 in
1195 2240 1422 2274 Damasiano
1455 2243 1500 2274 59

249 2292 269 2320 2
298 2299 329 2321 11.
359 2287 484 2321 adnot.
508 2291 562 2331 10,
586 2292 625 2321 11
750 2292 769 2321 3
796 2288 905 2332 Verg.
929 2287 1060 2333 Georg.
1082 2288 1133 2323 IV
1154 2291 1217 2322 101
1249 2289 1370 2323 dulcia
1398 2288 1501 2322 mella

149 2346 307 2378 premes-‚-
334 2346 444 2378 supra
471 2339 500 2378 1,
522 2339 541 2367 3
571 2336 692 2370 latices
716 2340 863 2370 seruant
891 2337 952 2379 (μιί
971 2337 1095 2371 dulcia
1113 2336 1228 2370 mella.
1272 2346 1339 2379 pro
1359 2345 1502 2377 canore,

154 2382 252 2425 quod
285 2384 384 2415 recte
419 2382 533 2416 codex
567 2382 734 2427 exhibet,
771 2382 935 2417 CANEN
958 2413 962 2418 .
988 2413 1022 2419 ..
1056 2382 1095 2417 in
1126 2393 1308 2417 marmore
1344 2383 1502 2427 apparet
