1636 2593
178 130 212 169 ΤΙ
225 134 233 166 )
610 126 1088 162 PSEVDODAMASIANA

265 237 396 291 impia
430 235 502 290 qui
534 238 704 277 nostrae
737 236 937 277 domuisti
971 237 1144 278 crimina
1180 237 1293 278 uitae

202 322 220 351 5
265 322 414 363 passus
446 321 648 361 corporea
679 307 885 348 mundum
918 307 1073 348 uestire
1106 308 1243 363 figura

265 379 471 433 affarique
502 378 643 432 palam
674 378 857 433 populos
887 377 1187 433 hominemque
1220 379 1356 421 fateri.

264 451 503 504 <quemque
527 451 648 490 utero
670 449 881 490 inclusum
902 448 1060 490 Mariae
1086 464 1185 491 mox
1205 450 1378 491 numine
1399 449 1522 504 uiso>

266 521 449 577 uirginei
484 523 676 561 tumuere
709 520 827 561 sinus
858 520 1121 574 innuptaque
1153 523 1288 562 mater

264 606 416 633 arcano
449 592 616 646 stupuit
647 591 851 646 compleri
883 591 1047 632 uiscera
1077 594 1201 646 partu

178 675 219 705 10
258 665 474 705 auctorem
506 663 697 717 paritura
727 677 869 704 suum:
901 662 1099 703 mortalia
1131 663 1257 704 corda

265 735 472 776 artificem
505 737 647 775 texere
678 734 767 789 poli
800 733 1032 788 mundique
1064 736 1256 788 repertor

263 821 361 861 pars
394 806 476 846 fuit
509 805 685 846 humani
717 805 885 861 generis
916 805 1128 859 latuitque
1160 805 1239 846 sub
1271 820 1356 847 uno

263 880 452 931 pectore,
485 877 557 930 qui
591 879 729 917 totum
762 876 845 917 late
878 876 1176 930 complectitur
1208 876 1372 932 orbem,

265 951 307 989 et
340 948 413 1002 qui
444 962 529 989 non
562 948 711 1002 spatiis
742 950 897 1002 terrae,
929 961 1015 988 non
1047 947 1242 1001 aequoris
1274 948 1388 989 unda

177 1031 220 1062 15
257 1034 334 1061 nec
367 1019 533 1073 capitur
564 1018 697 1074 caelo,
729 1033 885 1073 paruos
917 1018 1124 1059 confluxit
1155 1018 1199 1059 in
1231 1021 1358 1060 artus.

266 1091 368 1145 quin
401 1094 442 1132 et
475 1090 672 1145 supplicii
704 1104 859 1131 nomen
890 1104 1107 1143 nexusque
1140 1089 1311 1144 subisti,

264 1165 313 1203 ut
343 1177 421 1204 nos
453 1162 693 1216 subriperes
725 1161 810 1202 leto
842 1164 1108 1214 mortemque
1141 1160 1310 1216 fugares

264 1235 401 1275 morte
434 1236 525 1288 tua,
556 1247 656 1274 mox
689 1232 898 1274 aetherias
930 1234 1101 1273 euectus
1134 1232 1179 1272 in
1210 1246 1332 1273 auras

264 1307 448 1360 purgata
478 1305 673 1358 repetens
704 1304 863 1344 laetum
896 1303 1047 1344 tellure
1080 1305 1310 1357 parentem.

176 1386 220 1416 ‘20
259 1374 504 1431 Augustum
536 1374 699 1429 foueas,
731 1373 851 1414 festis
883 1375 931 1414 ut
962 1387 1085 1428 saepe
1118 1372 1267 1413 diebus

267 1461 406 1487 annua.
438 1446 590 1486 sinceri
624 1444 807 1486 celebret
839 1444 996 1485 ieiunia
1028 1444 1147 1485 sacri.

274 1574 328 1608 De
356 1576 506 1608 auctore
533 1572 708 1607 carminis
735 1572 774 1606 in
798 1571 1032 1616 praefatione
1060 1571 1202 1605 dictum
1222 1573 1295 1605 est:
1323 1570 1410 1604 libri
1436 1582 1522 1604 mss.

180 1621 388 1656 Claudiano
409 1621 621 1665 adsignant.
661 1620 758 1654 inter
772 1618 1001 1653 Damasiana
1020 1618 1167 1652 rettulit
1182 1617 1375 1652 Fabricius
1395 1630 1428 1662 p.
1444 1621 1522 1662 774,

180 1679 291 1711 quem
317 1668 435 1703 secuti
462 1670 548 1702 sunt
575 1666 751 1701 Sarazani
777 1679 811 1701 n.
836 1671 855 1701 9
883 1666 956 1709 (hic
984 1665 1224 1710 dubitanter),
1252 1664 1408 1699 Riuinus
1434 1677 1468 1699 n.
1491 1669 1523 1709 5,

180 1716 358 1750 Merenda
381 1728 415 1750 n.
439 1720 468 1749 ⁴2.
515 1715 655 1749 habent
675 1713 859 1748 editiones
881 1712 1144 1755 Claudi-aneae,
1172 1723 1216 1747 ex
1237 1712 1373 1755 quibus
1393 1712 1523 1747 adfero

179 1762 403 1797 nouissimas
417 1762 528 1796 Birtii
538 1763 700 1796 Monum.
714 1760 834 1795 Germ.
848 1763 943 1794 auct.
957 1760 1152 1804 antiquiss.
1166 1760 1197 1793 X
1214 1772 1247 1804 p.
1259 1764 1327 1793 330
1342 1772 1375 1794 n.
1388 1759 1525 1794 XXXII

180 1813 219 1845 ct
239 1809 372 1845 Kochii
393 1809 505 1854 (Lips.
528 1811 632 1853 1893)
652 1821 686 1853 p.
703 1812 769 1842 248
790 1820 824 1842 n.
840 1807 985 1842 XXXII.
1024 1806 1204 1841 nonnulla
1231 1806 1269 1840 in
1290 1818 1396 1841 suum
1415 1818 1523 1841 usum

179 1857 293 1892 uertit
316 1860 446 1891 auctor
465 1856 640 1891 carminis
661 1855 861 1899 sequentis,
883 1855 982 1899 quod
1002 1854 1138 1889 confer.
1184 1866 1242 1888 uu.
1265 1858 1380 1888 8—15
1401 1853 1524 1888 adfert

179 1904 412 1939 Helinandus
434 1904 576 1948 Frigidi
598 1903 735 1938 Montis
755 1902 958 1937 monachus
979 1903 1087 1946 (saec.
1108 1902 1194 1935 XIII
1214 1901 1278 1946 in.)
1299 1912 1403 1936 serm.
1423 1901 1527 1935 XXII

181 1952 307 1997 'Migne
326 1951 465 1986 Patrol.
487 1951 551 1985 lat.
575 1950 700 1985 CCXII
718 1962 752 1994 p.
775 1954 842 1984 666
858 1961 909 1993 sq.
941 1951 1047 1984 ‘sicut
1073 1954 1103 1984 et
1123 1950 1268 1995 gyentilis
1288 1953 1395 1993 poeta
1417 1949 1524 1984 Chri-

179 2001 312 2034 stimat<
335 2001 500 2034 uersz’lms·
525 2000 667 2033 laudem
692 1999 768 2032 eius
795 1998 943 2041 pulchre
972 2002 1180 2040 prosecutus
1204 2001 1254 2031 est
1279 1997 1415 2030 dicens:
1448 1996 1524 2029 uir-

179 2048 278 2092 qim]
296 2052 455 2082 tmn‘m‘rv
475 2046 591 2080 se'nns'
614 2056 644 2080 e.
660 2057 694 2089 q.
711 2056 736 2079 s,
782 2045 826 2078 cf.
848 2044 1027 2078 Mauitius
1048 2044 1139 2078 Mus.
1156 2043 1271 2078 Rhen.
1290 2042 1387 2077 XLV
1405 2054 1439 2087 p.
1456 2045 1524 2075 317

278 2099 294 2128 1
325 2095 398 2138 lpse
422 2106 489 2138 pro
518 2094 660 2128 Christe
685 2103 778 2125 uuus
805 2104 824 2126 c
851 2092 956 2126 codd.
978 2091 1088 2126 Birtii
1117 2093 1121 2132 Ι
1150 2092 1234 2125 aem*
1259 2089 1318 2124 uel
1344 2091 1440 2124 orbis
1464 2088 1525 2124 uel

180 2142 274 2176 smmi
299 2141 405 2175 codd.
427 2143 437 2185 ΙΙ
458 2144 477 2174 2
503 2141 649 2183 fuderat
674 2141 751 2174 alta
775 2150 861 2183 pars
888 2139 1007 2182 codd,
1032 2139 1158 2182 fundit
1182 2139 1227 2172 ab
1253 2138 1328 2171 alta
1349 2136 1494 2170 Fabric.
1514 2137 1526 2181 Η

181 2194 203 2223 4
229 2194 269 2223 m
289 2200 354 2233 pro
374 2190 437 2233 que?
462 2199 546 2232 pars
568 2187 673 2221 codd.
695 2188 733 2220 et
752 2186 958 2228 Fabricius,
983 2196 1078 2229 quae
1098 2184 1210 2220 lectio
1232 2185 1422 2228 praestare
1444 2183 1525 2217 uisa

182 2237 239 2270 cst
260 2235 401 2270 Kochio
422 2237 433 2279 ΙΙ
453 2240 472 2268 5
499 2235 674 2269 mundum
693 2235 731 2268 ct
749 2234 877 2268 mundi
897 2233 1015 2275 codd..
1041 2232 1319 2277 temptauerunt
1342 2231 1524 2265 dominum

182 2283 371 2327 Barthius,
391 2287 540 2318 mentem
554 2281 646 2323 Birt,
662 2293 789 2316 numen
806 2281 909 2315 Koch
924 2280 1105 2325 (Christus
1125 2279 1224 2313 idem
1242 2277 1307 2322 qui
1327 2278 1499 2321 mundus)
1515 2278 1527 2323 11

185 2333 203 2363 7
230 2343 398 2375 quemque
416 2334 528 2373 suffero,
547 2330 710 2374 quodque
729 2332 839 2372 utero,
859 2340 957 2372 quem
978 2329 1085 2362 uerbo
1104 2326 1210 2361 codd.
1228 2327 1230 2345 ‘
1249 2326 1413 2368 infusum
1432 2336 1526 2359 unus

184 2378 299 2412 codex
323 2379 328 2422 Ι
350 2379 492 2412 ommim
518 2376 578 2411 uel
598 2377 724 2422 [wydo
742 2386 808 2419 pro
828 2377 977 2410 wanninc
999 2374 1104 2409 codd.
1126 2372 1338 2408 deteriores.
1388 2372 1434 2406 iis
1461 2371 1527 2406 ad-
