1636 2593
5 2184 9 2200 1

592 103 864 138 PRAEFATIO
1290 101 1393 135 XVII

145 214 258 256 Ordo
296 212 523 267 primarius
562 212 665 265 quin
696 211 731 252 is
763 211 835 265 sit,
878 225 1002 264 quem
1034 210 1226 251 codicum
1257 209 1394 250 maior

56 287 255 316 numerus
276 270 339 328 (06¹
353 270 397 312 σε2
411 273 438 325 β
451 269 496 323 71
510 268 554 323 γῇ
568 271 593 311 ὃ
608 269 645 311 ε1
660 268 697 310 &2
710 285 734 323 η
751 268 794 325 λ)
816 270 1011 324 ostendit,
1029 269 1214 309 dubitari
1232 268 1394 322 nequit.

57 332 308 388 legebantur
345 330 478 385 igitur
515 328 701 369 carmina
739 329 783 368 in
820 329 995 382 antiquo
1029 328 1170 382 aliquo
1202 327 1393 382 psalterii

60 390 291 445 exemplari
330 388 537 443 prooemii
579 387 689 441 1000,
734 387 794 427 ita
833 390 881 427 ut
921 387 1217 440 praecederent
1247 400 1394 426 uersus

59 447 531 505 pseudohieronymiani
553 444 824 502 (Gal—10),
857 448 1131 499 sequerentur
1150 444 1395 486 Damasiani

58 506 301 565 (Li—17).
356 509 466 547 certe
499 506 543 546 in
574 505 640 545 his
671 519 740 545 uu,
767 505 881 545 2-5
914 507 1001 545 arte
1034 504 1144 545 inter
1175 518 1218 544 se
1250 503 1395 544 cohae-

59 570 153 609 rent
186 566 415 608 efficientes
447 563 743 606 tetrastichum
776 563 825 604 de
858 563 978 616 aquis
1010 563 1265 604 salutaribus
1297 562 1396 616 bap-

57 627 221 668 tisterio
254 624 569 666 inscribendum
600 622 680 664 hoc

210 696 385 749 Quisque
415 695 503 736 sitit
531 694 674 735 ueniat
703 693 867 745 capiens
898 693 1065 733 haurire
1096 692 1266 744 fluenta»,

206 755 386 796 inueniet
416 753 552 795 latices
583 755 752 794 seruant
780 752 851 804 qui
882 751 1018 792 dulcia
1049 750 1185 792 mella.-

208 814 394 855 sordibus
425 812 616 865 expositis
640 814 828 864 puryam‘
848 809 1083 863 penetralia
1114 810 1262 859 cordis,

199 876 364 925 pectora
394 885 485 912 cam
514 874 717 912 renouant
749 868 913 911 Christo
944 869 1099 910 seruire
1121 868 1277 921 parati.

60 944 180 985 cuius
218 942 535 998 epigrammatis
572 955 743 982 uersum
779 940 965 994 primum
1005 938 1253 979 Sarazanius
1286 935 1398 993 (adn.

61 1003 113 1043 ad
139 1017 263 1043 carm.
283 1000 382 1057 XV)
416 1001 595 1041 incisum
627 1014 669 1041 se
702 999 857 1040 uidisse
890 999 949 1039 ait
982 997 1047 1038 ‘in
1073 998 1247 1051 antiquo
1280 996 1399 1037 labro

60 1075 296 1102 marmoreo
329 1074 406 1114 pro
439 1059 630 1100 fontibus
656 1061 751 1099 ante
778 1057 996 1099 ecclesiam
1028 1071 1058 1097 s.
1085 1056 1402 1097 Bartholomaei

62 1120 106 1161 in
154 1120 308 1173 insula,
359 1118 598 1159 charactere
649 1118 843 1171 antiquo,
893 1119 941 1157 ut
989 1115 1163 1156 Damasi
1212 1118 1401 1168 tempore

62 1179 246 1233 scriptus
276 1176 560 1233 indemni-²1),
593 1177 855 1230 eundemque
887 1175 1064 1216 Rossius
1096 1174 1319 1228 exscripsit
1351 1188 1401 1214 ex

63 1237 260 1289 epistylio
303 1236 469 1277 aedium
511 1250 724 1276 sacrarum
764 1234 1066 1275 Portuensium
1082 1232 1126 1289 ²).
1189 1233 1233 1273 in
1271 1233 1403 1273 altera

64 1297 206 1335 autem
232 1295 467 1335 carminum
499 1293 740 1334 recensione
773 1291 977 1348 (sslfipup
1005 1290 1121 1347 Sab.)
1153 1306 1300 1332 uersus
1332 1291 1402 1332 ille

62 1367 171 1394 mmo
207 1352 388 1394 Damasi
427 1353 594 1394 monitis
634 1365 754 1393 aures
788 1351 974 1404 praebete
1011 1351 1206 1404 benignas
1245 1350 1402 1391 iniusto

65 1412 157 1453 1000
190 1411 466 1464 interpositus
499 1411 759 1451 confusionis
791 1425 935 1451 ansam
969 1409 1094 1450 dedit.
1149 1409 1230 1450 hoc
1261 1412 1403 1450 tamen

63 1470 299 1524 quaeritur,
337 1484 439 1509 num
473 1472 568 1522 apte
601 1484 747 1509 uersus
780 1469 966 1523 quinque
998 1469 1161 1523 priores
1191 1468 1291 1509 huic
1323 1468 1403 1509 Da-

64 1528 171 1569 masi
210 1528 259 1569 de
297 1527 461 1568 Dauide
500 1528 676 1568 carmini
713 1528 1013 1583 praefigantur.
1082 1527 1276 1581 equidem
1314 1542 1405 1582 per-

63 1601 235 1628 suasum
266 1586 401 1627 habeo
434 1587 619 1641 primum
652 1601 841 1641 uersum,
874 1601 998 1640 quem
1031 1586 1076 1627 in
1108 1586 1248 1627 codice
1280 1587 1307 1640 β
1340 1586 1405 1626 de—

66 1646 241 1686 siderari
270 1646 435 1700 monui,
473 1660 496 1686 a
527 1646 683 1686 lectore
716 1645 916 1699 quopiam
950 1646 1161 1686 intrusum
1194 1660 1299 1699 esse,
1333 1645 1405 1698 qui

67 1705 178 1745 mala
209 1704 415 1759 sapientia
447 1704 644 1745 inductus
679 1705 917 1760 significare
949 1704 1134 1745 uoluerit
1167 1704 1250 1744 iam
1282 1704 1404 1744 finito

66 1763 249 1804 carmine
287 1763 621 1817 Hieronymiano
661 1763 915 1804 audiendum
958 1778 1045 1804 esse
1084 1763 1314 1804 Damasum
1357 1762 1405 1803 de

66 1821 229 1863 Dauide
261 1821 552 1878 monentemss)
598 1825 641 1863 at
673 1823 746 1876 qui
778 1822 962 1863 indolem
995 1822 1229 1863 carminum
1255 1821 1406 1862 Dama·

65 1880 281 1922 sianorum
331 1881 577 1936 diligentius
626 1882 911 1936 perpenderit,
967 1881 1184 1936 concedet,
1240 1882 1402 1935 opinor,

66 2009 194 2089 PbOlg)
216 2008 353 2089 (11111136
380 2012 460 2053 489,
482 2013 500 2043 7
535 2009 695 2044 ‘Romae
722 2008 760 2043 in
786 2009 926 2044 concha
951 2020 1174 2053 marmorea,
1208 2020 1226 2043 e
1260 2008 1405 2043 schedis

177 2066 213 2088 m
236 2066 268 2088 ls
290 2084 295 2090 .

161 2104 195 2146 2)
220 2102 316 2137 Bull.
344 2102 443 2137 crist.
473 2106 562 2138 1866
587 2116 621 2148 p.
643 2107 699 2147 50,
725 2115 759 2148 p.
778 2107 843 2138 103
863 2107 952 2138 n.1l
977 2103 1146 2149 (‘grandi
1172 2103 1303 2138 lettere
1330 2113 1407 2136 roz-

66 2150 233 2183 zamente
264 2149 430 2184 imitanti
463 2149 497 2184 le
524 2150 787 2195 damasiane’>.
839 2150 883 2185 cf.
912 2150 984 2186 CIL
1010 2151 1094 2185 XIV
1116 2154 1215 2185 1941.
1267 2149 1406 2183 Antho-

66 2194 168 2239 logia
202 2196 419 2231 Buecheleri
456 2209 490 2232 n.
519 2201 596 2232 336.
654 2197 836 2233 Germano
873 2198 911 2232 di
944 2198 977 2233 S.
1011 2197 1198 2233 Stanislao
1233 2197 1284 2231 La
1320 2207 1407 2231 casa

69 2242 318 2278 celimontana
345 2244 405 2278 dei
431 2255 476 2279 ss,
503 2244 648 2279 martiri
675 2244 859 2279 Giovanni
885 2256 904 2280 e
930 2245 1044 2279 Paolo
1069 2257 1103 2290 p.
1126 2248 1204 2279 274.

164 2292 198 2334 3)
225 2291 458 2335 comparauit
482 2291 661 2326 Manitius
688 2292 793 2336 (Mus.
821 2292 937 2327 Rhen.
964 2292 1061 2326 XLV
1086 2304 1119 2336 p.
1142 2293 1224 2335 317)
1258 2290 1409 2325 quenci

70 2345 216 2370 uersum
240 2338 257 2371 1
284 2341 350 2372 715
377 2340 524 2383 quisque
551 2340 634 2374 meis
659 2341 806 2374 monitis
831 2351 1003 2383 auresque
1030 2344 1061 2374 et
1086 2341 1185 2382 sacta
1211 2339 1353 2373 dicabit.

139 2401 307 2437 DAMAsvs‚
328 2404 371 2429 ed.
387 2405 464 2429 Ihm
1174 2397 1197 2431 1)
