1636 2593
438 71 621 106 DAMASI
646 72 1003 106 EPIGRAMMATA
1338 74 1358 113 1
1366 74 1384 114 f
1384 79 1391 107 0

140 178 210 219 hic
241 178 500 219 confessores
532 180 665 219 sancti
699 195 804 233 quos
837 179 1011 222 Graecia
1041 182 1175 235 misit3

139 249 209 289 hic
241 248 414 289 iuuenes
445 247 689 305 pueriq(ue)
722 265 840 291 senes
872 252 1059 305 castique
1090 254 1282 306 nepotes,

142 319 236 373 quis
266 333 388 373 mage
420 319 661 374 uirgineum
693 320 853 373 placuit
884 322 1063 362 retinere
1095 322 1310 376 pudorem.

54 401 97 432 10
141 389 228 444 hic,
265 389 419 443 fateor,
457 389 665 430 Damasus
702 391 819 431 uolui
852 406 944 432 mea
979 392 1155 433 condere
1188 392 1395 447 membra,

141 459 212 500 sed
244 459 403 500 cineres
435 460 559 500 timui
591 463 759 501 sanctos
790 475 942 501 uexare
974 462 1152 515 piorum.

147 586 380 631 Fragmentis
413 586 627 631 compositis
658 586 792 621 titulus
830 599 925 621 nunc
957 599 1074 632 paene
1113 591 1258 633 integer
1291 591 1395 623 extat

53 634 93 668 in
118 633 339 668 coemeterio
367 633 513 668 Callisti
538 634 601 668 uia
626 633 749 678 Appia
780 633 819 667 in
845 636 975 678 crypta
1000 635 1217 679 pontificum
1242 636 1392 670 maiore.

51 681 252 725 recognoui
284 683 321 715 et
351 680 554 726 imaginem
586 681 634 715 ad
659 680 783 715 Rossii
809 681 1017 725 exemplum
1048 694 1179 726 parum
1210 683 1304 717 bene
1333 694 1393 717 ex-

51 739 218 772 pressam
250 728 336 762 dedi
366 728 406 762 in
436 729 513 763 tab.
545 741 580 763 n.
606 728 667 762 IV.
718 728 827 762 Rossi
857 728 962 763 Rom.
1002 732 1085 763 sott.
1116 730 1149 763 H
1187 742 1221 773 p.
1256 734 1299 764 23
1314 742 1391 773 sqq.

53 775 129 810 tab.
155 775 189 809 Π
213 787 247 810 n.
276 779 294 809 1
331 774 389 820 (cf.
416 776 492 810 tab.
519 776 535 809 I
568 777 605 810 et
630 775 709 819 1A>,
736 775 856 809 Kraus
876 775 994 809 Roma
1014 778 1098 810 sott.
1119 788 1153 820 p.
1178 781 1243 810 164
1268 777 1344 811 tab.
1366 778 1392 820 Ι,

52 822 179 857 Roller
203 821 272 856 Les
298 822 532 857 catacombes
561 823 605 856 de
631 823 745 856 Rome
771 823 805 856 Π
829 834 863 866 p.
893 826 934 856 78
961 823 1036 857 tab.
1058 823 1138 856 LXI
1163 836 1196 857 n.
1219 827 1249 858 9.
1300 824 1394 858 inte-

52 881 160 914 grum
185 871 428 904 seruauerunt
453 869 482 903 T
511 871 549 904 et
573 870 617 913 L,
650 869 758 903 Rossi
783 868 883 903 IChr.
910 869 943 902 Π
968 882 1002 913 p.
1031 874 1085 913 66,
1108 874 1151 903 23
1176 882 1210 914 p.
1241 874 1317 914 105,
1338 874 1392 905 43.

53 927 98 951 ex
122 917 150 950 L
177 916 373 951 ediderunt
394 916 496 950 Grut.
518 920 620 960 1172,
642 921 682 950 11
711 918 748 951 et
774 916 954 950 Marinius
980 917 1080 960 apud
1100 917 1241 950 Maium
1261 917 1392 961 Script.

53 965 126 998 uet.
148 963 181 997 V
199 975 234 1007 p.
250 967 305 1006 37,
327 967 358 1007 2,
385 963 432 997 ab
452 963 518 997 illo
538 964 703 1008 pendent
722 963 902 997 Baronius
924 974 955 997 a.
978 967 1056 1007 384,
1085 963 1260 998 Sarazani
1282 977 1316 999 n.
1339 969 1394 1007 29,

52 1010 209 1044 Riuinus
233 1023 267 1044 n.
290 1014 345 1054 34,
372 1010 550 1045 Merenda
574 1023 608 1045 n.
631 1014 685 1045 33.
737 1010 927 1044 enarrauit
946 1010 1098 1044 Rossius
1118 1011 1234 1045 Roma
1262 1014 1346 1045 sott.
1362 1012 1394 1045 Π

51 1070 86 1102 p.
108 1061 174 1092 229
187 1069 265 1101 sqq.

150 1122 165 1150 1
195 1117 312 1161 queris
337 1117 406 1151 sibi
427 1116 456 1149 T
476 1117 526 1160 112
552 1117 713 1161 sepulcra
740 1116 836 1160 lapis
863 1118 899 1150 et
920 1116 960 1160 Τ,
986 1117 1173 1160 sepulchra
1198 1117 1225 1150 L
1253 1119 1395 1159 (contra

52 1164 277 1208 sepulchrum
306 1163 346 1197 in
376 1174 558 1197 marmore
590 1166 647 1206 27)
679 1166 690 1207 11
723 1170 741 1197 4
773 1163 916 1197 XYSTI
948 1163 1044 1208 lapis
1077 1165 1114 1197 et
1140 1164 1183 1207 L,
1216 1166 1304 1199 misti
1329 1164 1357 1198 T
1389 1175 1391 1209 4

51 1223 199 1267 trophea
218 1222 247 1256 T
267 1224 278 1266 ΙΙ
297 1226 317 1256 5
343 1221 425 1255 ΧΡΙ
447 1222 543 1266 lapis
564 1224 601 1256 et
620 1222 658 1266 L,
685 1223 809 1256 christi
828 1221 856 1255 T
877 1224 887 1266 ΙΙ
909 1225 927 1255 7
955 1221 1126 1256 SANCTI
1145 1222 1252 1266 lapis,
1279 1225 1330 1257 sei
1355 1224 1393 1267 L,

52 1270 178 1305 christi
196 1269 226 1303 T
248 1269 252 1315 1
274 1270 401 1314 yraeia
425 1269 455 1302 T
474 1271 486 1313 ΙΙ
505 1273 525 1303 8
551 1270 641 1304 casti
666 1280 734 1303 om.
756 1269 786 1302 T
805 1270 816 1313 ΙΙ
836 1273 856 1302 9
881 1280 977 1304 mace
1002 1268 1031 1302 T
1051 1271 1061 1313 Η
1083 1273 1124 1302 11
1152 1298 1159 1304 .
1176 1298 1182 1303 .
1199 1269 1336 1303 ORVM
1355 1270 1394 1303 in

53 1327 235 1350 marmore
261 1317 438 1361 superest,
459 1317 606 1360 piorum
626 1316 655 1349 T
682 1318 719 1350 et
745 1315 889 1359 Gruter,
910 1317 1077 1360 priorzwz
1104 1316 1130 1349 L
1156 1318 1194 1350 et
1212 1317 1393 1351 Marinius

148 1363 206 1397 Ad
232 1375 266 1397 u.
288 1367 306 1396 1
334 1363 443 1397 Prud.
470 1363 599 1397 Perist.
627 1363 677 1396 XI
698 1367 739 1397 11
756 1375 807 1406 sq.
835 1368 971 1407 quanta
997 1365 1119 1398 airum
1144 1364 1288 1399 iaceant
1313 1376 1392 1399 con-

53 1412 159 1455 yestis
183 1421 334 1454 corpora
359 1411 499 1445 aceruis
522 1421 622 1445 ozosse
648 1411 737 1445 lieet.
787 1409 955 1444 clausula
986 1412 1092 1445 turba
1118 1412 1265 1454 piot-am-
1296 1411 1393 1445 redit

53 1457 93 1490 in
117 1456 230 1491 titulo
257 1456 484 1491 Volsiniensi
511 1457 584 1492 CIL
609 1457 660 1491 XI
686 1460 794 1501 2839,
827 1457 968 1491 ibidem
994 1457 1185 1491 exordium
1210 1458 1394 1502 Vergilia-

53 1516 142 1538 num
166 1516 200 1538 u.
228 1507 248 1537 3
371 1508 390 1537 2
416 1516 588 1539 aenerare
618 1505 818 1549 sepulcrum
846 1507 900 1538 27.
927 1508 982 1538 42.
1010 1508 1071 1548 46,
1098 1504 1142 1538 cf.
1171 1504 1254 1539 adn.
1283 1509 1345 1542 83.
1374 1509 1393 1539 3

149 1555 169 1585 3
194 1552 358 1586 sublimis
381 1553 525 1586 animas
549 1551 658 1596 Verg.
680 1551 769 1585 Aen.
790 1551 841 1585 VI
862 1555 938 1586 720.
982 1551 1026 1585 de
1053 1551 1221 1585 clausula
1247 1564 1280 1586 u.
1309 1553 1392 1586 adn.

57 1601 111 1642 10,
134 1602 175 1632 11
295 1602 318 1632 4
343 1597 481 1642 Xystus
507 1598 541 1632 ΙΙ
570 1609 670 1643 papa
702 1598 799 1632 sedit
831 1598 877 1632 ab
905 1609 1001 1632 anno
1029 1602 1094 1632 257
1123 1599 1171 1632 ad
1197 1602 1281 1643 258,
1316 1599 1393 1633 eius

56 1645 219 1690 elogium
236 1657 271 1679 n.
289 1649 341 1679 13.
381 1644 425 1680 cf.
447 1645 623 1690 Cypriani
642 1645 748 1690 epist.
764 1645 895 1679 LXXX
915 1647 926 1689 ζ
929 1646 977 1679 ad
992 1645 1221 1689 Successum)
1236 1647 1394 1692 Xystnm

55 1697 174 1727 autem
198 1693 239 1727 in
257 1694 458 1728 coemeterio
477 1694 772 1728 animaduersam
794 1704 863 1727 esse
889 1694 1013 1727 sciatis
1040 1693 1142 1727 VIII
1156 1694 1204 1726 id.
1220 1694 1316 1739 Autq.
1338 1695 1395 1729 die

54 1744 88 1775 et
111 1751 192 1774 cam
216 1750 254 1774 eo
279 1740 445 1774 diacones
469 1744 648 1784 quattuor.
698 1739 777 1774 Lib.
801 1739 932 1784 pontif.
959 1740 975 1773 Ι
999 1751 1034 1783 p.
1058 1743 1123 1773 155
1150 1741 1266 1784 eapite
1292 1745 1393 1775 tran—

54 1791 157 1822 catus
181 1792 231 1822 est
263 1791 297 1821 et
326 1798 406 1821 eam
436 1798 474 1822 eo
504 1788 573 1821 alii
600 1799 661 1822 sex
685 1788 848 1830 diaeom',
884 1787 1129 1822 Felicissimae
1154 1792 1186 1821 et
1211 1788 1396 1833 Ayapz'tus

55 1836 195 1879 (eorum
220 1833 384 1878 elogium
408 1845 442 1868 n.
468 1837 536 1878 23),
572 1835 791 1877 Ianuarius,
819 1833 1000 1879 Maynus,
1028 1834 1236 1869 Vincentius
1261 1840 1294 1869 et
1318 1835 1394 1870 Ste-

50 1882 197 1926 phanus
222 1880 430 1925 (Duchesne
452 1881 469 1915 I
493 1893 527 1925 p.
548 1881 704 1925 XCVH).
755 1893 798 1916 eoe
822 1882 917 1916 hoste
942 1886 1090 1925 tropaea
1110 1880 1230 1915 exitus
1250 1881 1395 1926 Vergili

56 1927 187 1972 Georg.
208 1927 259 1961 ΙΠ
279 1931 323 1961 32
343 1927 441 1962 redit
462 1932 539 1972 1,16
566 1929 700 1963 tulerat
725 1940 815 1973 qaae
840 1939 884 1963 ea:
901 1929 996 1963 hoste
1013 1933 1172 1972 tropaea,
1200 1932 1244 1962 14
1263 1930 1395 1964 tulerat

55 1977 119 2020 qai
143 1987 187 2010 ex
211 1976 306 2010 hoste
331 1979 516 2019 tropaeam
541 1975 600 2019 (cf.
621 1975 764 2010 Probae
791 1977 886 2010 cent.
911 1979 930 2009 5
946 1987 1023 2019 sqq.
1050 1976 1219 2020 nulloque
1238 1987 1282 2011 ex
1299 1977 1395 2011 hoste

55 2027 204 2067 tropaea
228 2023 406 2068 sanquine
430 2033 634 2067 conspersos
658 2024 791 2058 tulerat
816 2034 903 2067 quos
926 2023 1028 2066 fama
1053 2023 1270 2066 trz'zwnphos,
1298 2023 1391 2057 Mus.

55 2069 172 2104 Rhen.
198 2069 226 2103 L
251 2081 286 2113 p.
313 2070 404 2114 195).
454 2069 494 2103 in
520 2073 562 2104 17
595 2071 762 2114 superest
793 2069 959 2104 eiusdem
990 2069 1171 2104 formulae
1196 2074 1392 2114 tropaeam,

55 2116 95 2150 in
121 2116 244 2161 elogio
264 2116 462 2161 Redempti
483 2117 552 2151 21*
576 2118 728 2161 sumpsit
753 2118 816 2161 qai
840 2129 884 2151 ex
907 2118 1002 2152 hoste
1026 2121 1190 2161 tropaea,
1217 2117 1261 2151 cf.
1284 2116 1390 2151 Ouid.

56 2163 139 2198 Her.
166 2163 217 2198 IX
238 2167 305 2197 104
336 2165 421 2198 talz't
453 2176 477 2198 a
508 2169 611 2208 capto
642 2169 729 2199 ‘nota
759 2169 908 2208 tropaea
937 2165 1021 2199 uiro
1140 2168 1159 2197 5
1185 2169 1307 2198 seruat
1331 2165 1395 2208 qai

56 2211 192 2246 altaria
214 2210 347 2246 Christi
370 2210 469 2245 redit
493 2211 533 2244 in
557 2214 618 2254 31,
643 2222 766 2246 seruas
791 2223 820 2256 q.
842 2224 875 2246 a.
899 2210 958 2246 Ch.
980 2215 1036 2254 52,
1063 2210 1106 2245 cf.
1129 2210 1191 2244 Sil.
1212 2211 1254 2244 It.
1276 2211 1327 2244 ΙΠ
1348 2214 1391 2244 29

55 2262 204 2292 seruant
221 2259 359 2293 altaria
376 2260 539 2302 flammae
623 2262 642 2293 6
668 2257 879 2293 Miltiadem
896 2257 1111 2302 pontificem
1130 2260 1175 2301 (a.
1191 2260 1391 2302 311—314)

56 2304 208 2339 Rossius
227 2304 415 2350 intellegit
429 2305 487 2350 (cf.
502 2305 715 2350 RALipsius
730 2305 975 2348 Chi-onologie
996 2305 1060 2339 der
1072 2315 1183 2338 roem.
1198 2303 1391 2339 Bisehoefe

1136 2362 1180 2385 ἦ*
