1636 2593
466 134 649 174 DAMASI
674 135 1029 170 EPIGRAMMATA
1357 134 1414 175 49

80 240 347 276 Damasianum
371 250 445 273 non
466 241 523 274 est
549 239 648 283 (uide
675 239 771 274 infra
797 240 836 274 in
861 239 1063 285 appendice
1089 252 1123 274 n.
1145 243 1188 273 87
1210 251 1237 274 c.
1260 240 1412 283 adnot).

80 286 298 370 ngaziani
317 286 430 330 elogii
457 287 501 321 de
523 298 568 321 ss.
590 286 821 330 Chrysantho
842 290 879 322 et
898 287 1012 321 Daria
1032 286 1192 331 uestigia
1213 288 1314 321 certa
1339 297 1415 321 non

81 348 102 370 a
132 347 200 370 sun

721 429 776 470 46

169 523 317 565 Incola
347 538 457 564 nunc
493 522 668 577 Christi,
699 523 837 563 fuerat
870 522 1136 578 Carthaginis
1168 525 1280 576 ante,

170 597 359 649 tempore
393 609 475 648 quo
508 593 674 649 gladius
706 593 838 634 secuit
869 594 938 647 pia
969 593 1129 633 uiscera
1160 593 1324 646 matris,

171 666 374 720 sanguine
407 665 590 705 mutauit
620 664 802 718 patriam
833 678 1068 717 nomenque
1100 678 1331 718 genusque,

170 735 411 777 Romanum
443 736 580 776 ciuem
611 737 853 775 sanctorum
884 734 985 774 fecit
1017 734 1147 789 origo.

105 819 126 848 5
170 807 277 847 mira
308 806 411 846 fides
442 820 601 846 rerum:
634 805 777 845 docuit
807 806 903 858 post
935 805 1071 845 exitus
1103 804 1261 859 ingens.

172 892 267 918 cum
292 877 448 917 lacerat
469 876 540 930 pia
559 875 760 930 membra,
786 875 929 915 fremit
950 874 1175 915 Gratianus
1200 877 1248 914 ut
1272 873 1418 928 hostis,

170 950 446 1002 posteaquam
478 946 590 987 fellis
621 946 790 987 uomuit
821 947 1022 999 concepta
1053 958 1231 998 uenena,

172 1032 320 1074 cogere
352 1032 439 1058 non
469 1017 611 1072 potuit
645 1016 859 1057 Christum
892 1019 953 1071 te,
985 1018 1144 1070 sancte,
1174 1028 1345 1069 negare,

172 1089 260 1143 ipse
293 1088 377 1129 tuis
409 1088 605 1142 precibus
636 1088 792 1128 meruit
824 1087 1037 1128 confessus
1069 1086 1195 1126 abire.

86 1170 127 1200 10
172 1159 374 1213 supplicis
394 1158 496 1198 haec
516 1157 689 1197 Damasi
711 1172 795 1198 uox
815 1160 896 1197 est:
919 1170 1119 1197 uenerare
1139 1153 1419 1208 sepulchrum.

173 1230 365 1282 <soluere
398 1230 498 1269 uota
528 1228 628 1268 licet
659 1230 876 1281 castasque
909 1226 1119 1267 effundere
1150 1239 1309 1278 preces,

172 1300 306 1340 sancti
339 1298 558 1339 Saturnini
590 1299 778 1339 tumulus
811 1297 908 1351 quia
939 1296 1138 1349 martyris
1169 1295 1238 1335 hic
1270 1296 1371 1345 est.)

175 1369 421 1424 [Saturnine
453 1369 533 1410 tibi
564 1372 726 1422 martyr
756 1382 848 1409 mea
879 1370 980 1408 uota
1012 1366 1223 1420 rependo]

180 1473 213 1507 S.
236 1473 476 1507 Saturninum
496 1473 558 1507 uia
580 1472 723 1507 Salaria
742 1483 840 1506 noua
861 1470 1045 1515 sepultum
1064 1469 1176 1503 fuisse
1196 1468 1420 1513 topographi

84 1519 200 1554 medii
225 1519 310 1554 aeui
335 1522 521 1554 testantur
546 1519 668 1564 (Rossi
695 1520 812 1553 Roma
839 1520 923 1552 sott.
951 1518 966 1550 Ι
991 1529 1025 1560 p.
1049 1520 1125 1550 176.
1149 1519 1225 1559 177,
1253 1515 1296 1549 cf.
1323 1515 1417 1549 BuH.

84 1567 184 1601 crist.
213 1570 302 1601 1873
334 1579 368 1611 p.
397 1571 509 1610 sssqq.
537 1569 574 1601 et
601 1567 709 1600 Mart.
736 1566 884 1600 Hieron.
911 1564 961 1598 ΠΙ
986 1563 1068 1597 Kal.
1095 1563 1206 1603 Dec).
1257 1562 1420 1606 elogium

85 1615 328 1648 seruauerunt
353 1614 381 1648 P
407 1616 444 1648 et
469 1614 513 1657 L,
540 1613 599 1647 hic
625 1613 768 1656 melius,
795 1612 894 1647 IChr.
916 1611 948 1644 Π
973 1623 1007 1655 p.
1029 1614 1084 1653 87,
1113 1615 1154 1643 32
1182 1621 1215 1653 p.
1240 1612 1317 1652 103,
1345 1613 1388 1642 34
1399 1620 1419 1642 a

83 1662 132 1705 (u.
156 1665 173 1694 1
201 1660 316 1695 etiam
340 1660 380 1695 in
401 1661 429 1695 L
454 1673 489 1705 p.
513 1665 577 1695 116
605 1673 638 1694 11.
663 1664 703 1694 91
715 1663 760 1704 a).
812 1670 856 1694 ex
880 1659 907 1693 L
935 1657 1037 1692 Grut.
1061 1660 1161 1700 1172,
1183 1661 1214 1700 ’2,
1240 1655 1419 1690 Baronius

86 1718 118 1742 a.
140 1711 219 1750 384,
247 1707 422 1742 Sarazani
449 1720 483 1742 n.
504 1712 559 1752 25,
586 1707 742 1741 Riuinus
767 1719 801 1741 n.
823 1710 879 1749 41,
905 1704 1081 1739 Merenda
1106 1716 1140 1738 11.
1162 1708 1217 1747 20,
1243 1703 1319 1736 Mai
1347 1703 1418 1736 Ser,

86 1756 158 1788 uet.
178 1754 211 1788 V
230 1766 264 1798 p.
285 1758 364 1799 403,
380 1759 399 1789 8
421 1755 478 1798 (cf.
499 1767 534 1789 n.
556 1757 625 1799 45).
673 1754 716 1788 cf.
740 1753 921 1788 Germano
944 1752 981 1785 di
1002 1751 1035 1786 S.
1058 1750 1242 1785 Stanislao
1263 1750 1315 1783 La
1335 1761 1420 1783 casa

85 1801 336 1836 celimontana
363 1801 423 1836 dei
450 1814 495 1836 ss.
518 1801 703 1836 Giovanni
729 1813 748 1836 e
774 1800 888 1834 Paolo
914 1800 1065 1844 (Romae
1094 1800 1196 1841 1894)
1221 1810 1254 1841 p.
1276 1800 1342 1831 475

182 1853 198 1882 1
228 1859 295 1882 om.
323 1848 504 1883 Batonius
532 1848 708 1883 Sarazani
734 1848 919 1882 Merenda.
971 1846 1009 1879 in
1034 1845 1061 1878 P
1088 1844 1249 1879 traditur
1280 1845 1419 1887 famula

83 1907 182 1930 mmo
217 1895 354 1930 Christi
384 1897 506 1939 fuerat
538 1896 746 1941 Coertctgyim's
778 1907 913 1937 mmmm,
945 1894 983 1927 in
1008 1892 1034 1925 L
1067 1903 1100 1935 p.
1131 1895 1196 1925 103
1226 1892 1290 1926 Οἷα
1323 1903 1421 1924 nunc

87 1943 225 1977 Christi
248 1943 370 1985 fuerat
391 1943 622 1978 Ghartacinis
647 1955 707 1985 (m,
732 1954 765 1986 p.
790 1946 853 1976 116
881 1942 991 1976 Nunc
1012 1939 1151 1973 Christi
1174 1940 1295 1981 fuerat
1319 1939 1418 1972 clear-

85 1991 220 2035 tagsmis
239 2001 342 2024 (mus.
388 1989 601 2024 emendanit
621 1990 695 2024 fere
714 1988 971 2023 Terribilinius
993 1987 1031 2020 in
1051 1985 1134 2020 add.
1157 1986 1204 2020 ad
1224 1984 1419 2019 Merendae

85 2036 173 2071 edit.
200 2048 234 2080 p.
256 2040 275 2070 8
310 2036 457 2071 conlato
493 2041 571 2081 52,4
597 2039 608 2081 Η
637 2041 657 2070 3
678 2038 806 2082 patria
832 2036 859 2069 Ρ
888 2036 892 2082 1
921 2045 1113 2076 nomenque
1137 2033 1176 2076 P,
1206 2043 1356 2076 namque
1382 2031 1419 2073 L,

85 2085 268 2128 uitamque
288 2084 468 2118 Batonius
492 2084 495 2129 l
517 2095 678 2129 genuque
696 2084 724 2117 P
744 2086 755 2128 Η
775 2087 795 2117 4
821 2084 999 2127 ciuemque
1018 2083 1074 2117 δεῖ)
1093 2083 1162 2115 suc-t
1181 2080 1209 2113 P
1229 2081 1239 2123 Η
1260 2085 1278 2113 5
1304 2089 1417 2113 rernm

85 2141 155 2165 om,
176 2131 215 2174 P,
242 2142 369 2166 uerum
387 2131 544 2164 Riuinus
565 2133 574 2175 ΙΙ
595 2135 614 2165 6
640 2132 765 2173 fremet
786 2132 908 2175 qratia
931 2134 973 2164 ut
991 2130 1104 2163 hostes
1122 2127 1150 2160 P
1170 2128 1180 2170 ΙΙ
1202 2130 1219 2159 7
1246 2136 1419 2159 uenenum

86 2177 113 2210 P
133 2179 144 2221 ΙΙ
163 2182 183 2211 8
204 2191 283 2223 χρη)
306 2183 347 2213 ut
366 2190 501 2223 quoque
520 2183 665 2222 «zzeyaret
685 2178 712 2211 P
732 2180 742 2221 Η
765 2181 806 2211 10
826 2189 900 2211 7103:
918 2177 946 2210 P
968 2178 973 2220 Ι
995 2176 1148 2220 sepulto-s·
1164 2173 1191 2206 P
1211 2175 1221 2216 Η
1244 2177 1282 2205 11
1305 2172 1418 2206 oluere

85 2223 113 2256 L
136 2227 140 2267 Ι
162 2230 279 2260 castas
303 2226 331 2259 P
351 2227 362 2270 ΙΙ
384 2229 424 2259 12
453 2236 521 2259 om.
542 2225 569 2258 P

179 2272 238 2306 Ad
257 2284 290 2306 u.
315 2277 331 2306 1
354 2273 470 2307 incola
490 2284 588 2306 omne
608 2273 746 2306 domini
765 2275 854 2315 52,4.
899 2269 1042 2304 Paulin.
1064 2268 1145 2302 Nol.
1172 2267 1211 2299 in
1237 2265 1418 2308 epigram-

85 2319 185 2352 mate
211 2319 310 2362 quod
337 2319 443 2363 epist.
464 2319 599 2353 XXXII
626 2322 645 2352 5
672 2318 851 2353 insertum
876 2317 1013 2361 legitur
1038 2318 1084 2359 (p.
1108 2319 1148 2348 -27
1154 2317 1172 2346 9
1199 2312 1253 2346 ed.
1274 2310 1417 2353 Har-tel)

82 2375 230 2409 corpore
260 2371 372 2401 mente
402 2367 471 2409 fide
503 2367 723 2402 castissimus
753 2366 871 2400 <incola
903 2365 1055 2405 Chi-ism
1090 2361 1219 2395 eadem
1252 2357 1419 2392 clausula

155 2431 324 2465 DAzzAsvs,
346 2432 388 2457 ed.
403 2433 444 2456 111
453 2440 481 2455 m
1188 2422 1208 2450 4
