1636 2593
444 85 627 120 DAMASI
652 86 1005 122 EPIGRAMMATA
1336 89 1357 128 1
1366 89 1385 128 1

147 207 169 234 ο
202 207 299 233 uere
330 193 514 246 pretiosa
545 193 665 247 fides,
697 194 992 249 co]gnosc[ite‚
1025 196 1167 236 fratris

80 274 100 304 5
145 277 227 316 qua
252 263 304 303 ad
328 263 489 304 caelum
515 263 653 304 uictor
678 264 855 318 parit]er
879 266 1143 319 proper[auit
1162 264 1388 306 Adauctus.

143 333 364 387 presbyter
394 333 460 374 his
494 333 631 374 Verus
663 333 864 387 Da]maso
898 336 1076 389 rect[ore
1108 336 1277 377 iubente

144 404 381 457 composuit
412 404 624 444 tumulum
655 407 896 445 sanctorum
927 406 1074 446 limina
1106 407 1322 447 adornans.

150 529 253 564 Felix
273 532 310 564 et
323 530 513 564 Adauctus
534 531 601 564 sub
621 529 853 564 Diocletiano
875 533 912 565 et
925 532 1150 567 Maximiano
1170 532 1388 576 martyrium

54 577 157 622 passi
176 577 215 610 in
235 577 454 612 coemeterio
475 577 701 612 Comodillae
721 577 785 611 uia
806 577 967 612 Ostiensi
988 579 1122 623 sepulti
1143 581 1248 613 erant
1268 579 1388 622 (Rossi

53 624 171 659 Roma
198 626 281 658 sott.
302 624 319 658 Ι
339 636 372 668 p.
397 628 472 659 182.
496 628 561 658 183
581 623 680 659 Ichr.
702 624 735 657 Π
753 636 787 668 p.
809 628 850 658 31
873 637 906 659 n.
930 629 1001 660 74³.
1038 626 1131 660 Acta
1149 626 1208 660 SS.
1224 626 1273 660 VI
1294 626 1387 670 Aug.

54 683 88 716 p.
111 674 202 715 546).
253 670 390 715 lapidis
422 671 669 716 fragmentum
700 670 791 704 mihi
817 671 937 705 uisum
962 672 1097 706 litteris
1124 673 1388 707 Philocalianis

55 718 274 762 inscriptum
295 718 446 752 Rossius
473 718 511 752 in
536 729 662 752 museo
682 717 864 752 Vaticano
891 719 1045 763 agnouit
1071 720 1141 753 huc
1166 719 1389 754 translatum

52 767 94 799 ut
119 764 268 799 uidetur
300 776 395 799 anno
424 769 513 800 1720
539 776 557 799 e
584 766 713 809 crypta
738 766 940 809 martyrum
970 777 991 799 a
1016 766 1203 800 Boldettio
1237 766 1389 800 inuenta

53 811 175 857 (Rossi
200 812 317 846 Roma
350 814 433 847 sott.
464 813 480 846 Ι
509 824 544 856 p.
573 815 655 854 120,
692 811 786 846 Bull.
814 812 911 846 crist.
941 816 1029 846 1877
1056 825 1089 857 p.
1119 816 1190 857 19);
1224 825 1318 847 nunc
1350 813 1390 846 in

54 870 181 893 museo
201 859 441 893 Lateranensi
467 859 586 903 (class.
608 859 658 892 III
683 870 716 892 n.
738 862 772 901 2)
799 860 901 893 extat
927 859 1137 903 suppletum
1164 871 1207 893 ex
1233 871 1388 904 apogra-

52 905 153 950 phis,
186 917 280 949 quae
315 908 555 941 seruauerunt
581 906 685 940 codd.
712 905 867 949 ETPL,
900 906 1008 940 Rossi
1034 906 1132 941 IChr.
1154 907 1187 940 Π
1212 919 1245 950 p.
1267 911 1322 949 32,
1346 910 1386 940 76

53 955 110 996 (=
132 953 204 987 CIL
230 953 279 986 VI
301 958 317 987 1
345 965 379 997 p.
401 953 485 987 XIV
504 965 538 987 n.
556 956 611 997 74)
637 965 670 996 p.
692 956 746 996 67,
762 956 805 986 29
831 965 864 997 p.
888 956 942 996 82,
959 957 1001 986 20
1028 965 1061 997 p.
1092 957 1167 997 102,
1190 957 1243 987 32.
1293 964 1336 987 ex
1361 954 1389 986 L

53 999 155 1034 Grut.
185 1004 290 1043 1171,
313 1003 372 1043 18,
399 1000 484 1034 inde
510 1000 690 1034 Batonius
717 1011 748 1034 a.
776 1003 859 1043 384,
888 1000 1062 1034 Sarazani
1091 1013 1124 1034 n.
1146 1004 1206 1044 24,
1234 1000 1389 1033 Riuinus

51 1059 85 1081 n.
108 1050 163 1090 40,
195 1046 371 1081 Merenda
397 1059 430 1081 n.
459 1051 520 1089 24;
554 1046 761 1090 exemplum
786 1047 1032 1081 Lateranense
1059 1047 1239 1091 expressit
1266 1047 1390 1081 Roller

51 1093 119 1127 Les
141 1094 374 1128 catacombes
398 1094 441 1136 de
463 1094 577 1128 Rome
601 1094 634 1127 Π
652 1106 686 1138 p.
704 1097 745 1127 73
766 1094 840 1127 tab.
856 1094 935 1126 LXI
954 1106 988 1128 n.
1007 1099 1026 1127 2
1054 1096 1198 1128 secutus
1219 1093 1390 1128 Rossium

53 1140 146 1175 Mus.
169 1140 333 1175 Pio-Lat.
360 1141 436 1174 tab.
458 1141 518 1175 ΙΠ.
563 1140 765 1175 Buecheler
784 1140 894 1174 Anth.
917 1140 1029 1184 epigr.
1051 1153 1084 1175 n.
1107 1146 1171 1175 671

145 1187 295 1221 Lemma
332 1189 372 1222 iu
410 1189 596 1231 sepulchro
631 1189 749 1222 sancte?
784 1187 916 1222 Felicis
953 1187 1125 1231 praefigit
1162 1188 1207 1231 Ε,
1247 1189 1285 1221 iri
1324 1189 1388 1222 uia

55 1234 208 1269 Ostiensi
232 1236 339 1269 iuxta
363 1239 523 1270 sanctum
545 1235 704 1268 Paulum
723 1234 752 1267 T
771 1235 782 1277 Η
804 1238 819 1267 1
848 1235 963 1278 adque
983 1234 1010 1268 P
1036 1234 1092 1277 (cf.
1118 1235 1201 1268 adn.
1223 1236 1256 1276 4)
1283 1235 1287 1279 l
1309 1246 1388 1269 cum

50 1292 134 1315 uero
153 1282 295 1315 nomine
315 1281 355 1325 E,
382 1281 481 1325 quod
499 1283 666 1325 praestat
685 1280 909 1314 Buechelero
929 1282 940 1325 ΙΙ
960 1285 978 1314 2
1003 1286 1166 1325 concepto
1187 1281 1214 1315 P
1234 1283 1245 1325 ΙῙ
1265 1285 1284 1314 3
1305 1292 1385 1316 6οη-

50 1329 179 1371 fessum
204 1328 336 1363 Christi
355 1328 383 1361 Τ
403 1330 413 1372 ΙΙ
433 1331 454 1361 4
479 1329 677 1373 οοῃνῑηεσίίε
696 1328 724 1361 P
747 1329 751 1372 Ι
773 1328 901 1370 fratris
920 1328 960 1371 E,
983 1330 1114 1371 fratres
1135 1328 1236 1362 TPL
1256 1330 1293 1362 et
1313 1328 1389 1362 edi—

50 1376 148 1409 tores
174 1376 320 1418 praeter
344 1375 609 1409 Buechelerum
629 1377 639 1419 Η
659 1379 678 1409 5
706 1386 776 1419 qua
802 1376 850 1409 ad
875 1375 914 1418 E,
942 1376 1003 1419 qui
1028 1376 1077 1409 ad
1101 1375 1140 1418 L,
1167 1376 1253 1420 quia
1279 1376 1327 1409 ad
1347 1375 1387 1417 T,

51 1423 114 1466 qui
133 1423 211 1456 uita
231 1422 258 1455 P
276 1423 278 1463 l
291 1423 441 1466 paritur
460 1422 499 1465 T,
521 1433 589 1456 om.
611 1422 638 1455 P
657 1425 658 1462 l
673 1426 844 1466 properat
863 1427 1008 1456 ausctus
1028 1422 1055 1455 P
1074 1423 1085 1465 Η
1105 1426 1124 1456 6
1146 1423 1177 1457 is
1196 1422 1222 1455 L
1236 1422 1243 1454 Ἰ
1260 1434 1387 1457 uersus

51 1470 221 1503 damasus
246 1468 275 1502 Τ
306 1470 317 1512 11
350 1473 367 1502 7
395 1470 581 1513 conposuit
606 1469 705 1502 TPL
734 1472 738 1510 Ι
766 1470 902 1503 tumulo
927 1469 955 1502 P
985 1471 988 1513 Ι
1023 1470 1207 1504 adornaris
1232 1469 1260 1502 E
1287 1470 1386 1503 recte

52 1517 94 1550 ut
119 1515 278 1559 uidetur,
305 1517 463 1550 adoraris
488 1516 532 1559 L,
560 1517 691 1550 adoras
716 1515 755 1559 P,
782 1526 852 1549 om.
879 1515 908 1548 T
927 1517 938 1559 11
958 1516 1094 1550 subscr.
1122 1515 1160 1549 in
1185 1516 1214 1549 T
1239 1517 1330 1559 felis)
1353 1517 1388 1559 fe

57 1563 106 1597 ad
131 1563 246 1597 auctis
273 1561 308 1606 (i.
330 1573 359 1596 e.
387 1562 489 1597 Felix
516 1564 554 1597 et
578 1563 783 1605 Adauctus)

147 1609 205 1643 Ad
230 1621 263 1643 u.
288 1613 304 1642 1
331 1611 434 1644 semel
454 1614 558 1654 atque
578 1611 706 1644 iterum
726 1608 1016 1643 Ciceronianum.
1061 1609 1105 1644 cf.
1121 1613 1162 1643 61
1182 1611 1387 1653 pariterque

55 1660 87 1691 et
111 1657 252 1691 nomine
278 1656 397 1699 Fezioe,
423 1657 530 1700 Verg.
552 1657 641 1691 Aen.
669 1657 684 1690 Ι
705 1660 770 1690 277
797 1668 859 1691 suo
879 1657 920 1691 de
939 1657 1081 1691 nomine
1101 1657 1192 1691 dicet
1287 1660 1306 1689 2
1333 1657 1387 1690 in-

52 1701 238 1746 temeratd,
276 1714 358 1737 cum
394 1703 624 1738 desideretur
657 1703 814 1738 alterum
846 1702 1111 1737 Damasianum
1143 1702 1296 1736 ultimae
1323 1703 1386 1736 ab-

52 1749 161 1784 latiui
193 1752 382 1794 correptae
416 1750 641 1794 exemplum,
682 1750 805 1784 nescio
842 1761 890 1783 an
920 1751 1007 1792 fides
1037 1750 1305 1784 restituendum
1341 1749 1389 1783 sit

52 1796 462 1841 interpungendumque
489 1799 552 1841 qui
577 1818 619 1822 —
646 1798 857 1832 intemerata
882 1798 969 1840 sides
989 1818 1031 1821 —
1053 1808 1082 1831 e.
1103 1808 1136 1840 q.
1160 1808 1185 1831 s.
1230 1796 1388 1830 formula

54 1855 72 1878 e
98 1843 264 1888 Vergilio
294 1846 440 1888 sumpta
472 1845 575 1888 (Aen.
602 1845 635 1878 Π
663 1848 727 1878 142
744 1856 794 1887 sq.
823 1855 890 1888 per
919 1845 952 1878 si
982 1856 1054 1888 qua
1087 1848 1136 1878 est
1167 1855 1256 1888 quae
1286 1847 1389 1878 restet

55 1892 172 1926 adhue
191 1892 402 1926 mortalibus
423 1902 574 1936 usquam
593 1893 805 1926 intemerata
824 1891 921 1934 fides,
948 1890 1033 1925 inde
1053 1890 1175 1924 Proba
1195 1892 1300 1925 cento
1322 1893 1388 1924 473

53 1937 207 1983 aliique)
233 1937 330 1972 redit
355 1938 394 1971 in
419 1937 626 1983 fragmento
653 1942 695 1972 35
727 1950 816 1983 quae
841 1938 1051 1972 intemerata
1075 1938 1162 1980 fides
1292 1948 1388 1971 com-

51 1984 177 2029 parari
201 1987 325 2029 potest
351 1984 470 2019 altera
494 1985 653 2019 formula
672 1984 898 2019 Damasiana
923 1985 1017 2019 mira
1040 1985 1126 2027 fides
1144 1996 1261 2019 rerum
1288 1986 1334 2027 (n.
1357 1988 1387 2017 2.

53 2034 84 2066 8.
112 2034 188 2076 46),
221 2043 254 2066 u.
289 2031 381 2066 Mus.
415 2032 529 2066 Rhen.
563 2032 590 2066 L
615 2044 649 2076 p.
678 2036 743 2066 201
760 2044 811 2075 sq.
862 2031 1088 2065 Damasiana
1119 2033 1273 2075 usurpat
1297 2031 1387 2064 Ven.

53 2078 202 2113 Fortun⁴
233 2082 292 2122 15,
321 2083 362 2113 15
379 2090 430 2123 sq.
462 2080 581 2114 uictus
606 2090 723 2114 amore
754 2080 811 2114 dei
841 2082 1037 2122 contempto
1063 2080 1232 2122 principe
1261 2078 1389 2112 ‘mundi

52 2127 262 2161 intemerata
292 2126 378 2169 fides
404 2127 556 2170 pertulit
579 2127 738 2161 exilium.
789 2125 947 2160 alterum
978 2124 1086 2159 huius
1116 2136 1241 2159 uersus
1274 2123 1387 2158 hemi-

54 2171 227 2206 stichium
245 2172 342 2207 redit
357 2176 400 2206 30
415 2174 452 2207 et
465 2176 521 2217 47,
542 2172 586 2207 cf.
601 2176 645 2207 43
665 2177 831 2217 superato
846 2173 1012 2216 principe
1032 2173 1158 2206 muudi
1241 2175 1260 2204 3
1281 2170 1324 2205 cf.
1342 2174 1386 2204 43

52 2220 202 2261 confessi
222 2219 412 2263 Christum,
437 2220 500 2254 41*
526 2221 686 2262 confessa
708 2220 889 2255 Christum
909 2219 1028 2263 (Vei-g.
1050 2219 1139 2252 Aen.
1160 2218 1193 2251 II
1213 2221 1277 2251 591
1305 2228 1386 2252 cori-

52 2266 146 2308 fessa
171 2267 296 2310 deam).
345 2278 426 2300 cum
453 2266 620 2300 clausula
646 2266 690 2301 cf.
712 2267 820 2311 Verg.
842 2266 930 2300 Aen.
951 2266 967 2299 I
987 2269 1053 2299 620
1078 2277 1176 2299 ‘noua
1193 2276 1304 2310 reyua
1324 2275 1386 2308 pe-

51 2317 188 2357 tentem,
209 2312 316 2348 Rossi
336 2313 435 2348 IChr.
456 2314 489 2347 II
508 2325 541 2358 p.
557 2318 611 2358 87,
626 2317 668 2347 31
691 2315 748 2358 (=
768 2312 969 2347 Buecheler
988 2311 1099 2346 Anth.
1121 2311 1234 2356 epigr.
1254 2323 1288 2345 n.
1307 2312 1386 2354 737)
