1636 2593
8 2030 11 2035 ,
0 1895 11 1966 -ν-γψ-μ
0 1831 8 1887 -,..-.,.
0 1782 8 1812 ν,-
0 1749 10 1773 η,

8 2310 10 2313 ,
0 2191 9 2299 *rofi—u
7 2170 12 2178 ,.

636 136 908 170 PRAEFATIO
1356 137 1439 170 XXI

162 244 282 286 tabat
313 244 357 284 in
389 244 530 285 codice
563 244 794 284 extiterint.
857 259 877 284 e
909 247 1051 285 uetere
1090 260 1164 285 ms.
1196 244 1438 285 monasterii

162 318 192 344 s.
245 301 449 344 Caeciliae
501 305 617 343 trans
668 302 854 343 Tiberim
901 302 959 358 (t)
1011 304 1191 357 sumpsit
1233 302 1441 344 Iohannes
1467 311 1485 344 t

163 362 359 416 Baptista
396 361 693 415 Villalpandus
740 360 1023 402 Cordubensis
1073 362 1209 403 editor
1258 361 1443 417 Remigii

164 421 512 475 explanationum
550 420 594 461 in
625 419 748 461 Pauli
787 421 969 474 apostoli
1001 421 1220 475 epistulas,
1258 420 1445 461 Maxima

164 479 362 521 biblioth.
393 482 523 520 ueter.
555 482 726 533 patrum
751 478 856 519 VIII
888 495 927 533 p.
955 479 1051 520 888.

254 538 448 592 Denique
493 540 611 579 extat
654 538 782 578 etiam
829 539 872 578 in
917 538 1093 593 syllogis
1134 537 1251 578 Petri
1297 537 1444 579 Sabini

166 597 309 653 (Rossi
341 596 462 638 IChr.
494 595 537 637 II
568 612 607 651 p.
634 596 717 637 441
752 611 814 637 nr.
839 596 954 652 148),
987 597 1059 651 qui
1091 597 1272 651 sumpsit
1304 611 1324 637 e
1359 597 1443 637 ‘co-

164 657 253 698 dice
284 659 454 697 uetusto
487 656 527 697 b.
552 655 676 696 Pauli
709 656 891 709 apostoli
923 656 1201 709 epistularum
1233 656 1277 696 in
1302 670 1445 696 mona-

162 716 290 757 sterio
325 714 473 769 Campi
505 714 691 769 Martis'⁷
727 717 768 755 et
800 713 891 768 Th,
930 715 979 755 de
1012 729 1094 768 qua
1126 729 1252 768 supra
1285 714 1442 755 dictum
1457 720 1515 754 Th

162 778 242 829 est,
275 774 346 815 sed
377 774 447 815 hic
479 774 678 815 mutilum
711 776 753 814 et
784 774 1151 827 corruptissimum
1185 772 1328 827 (Rossi
1359 773 1385 813 l.
1412 787 1443 813 e.

162 832 203 874 II
228 849 267 888 p.
283 833 365 874 247
393 848 433 874 n,
451 832 536 889 12).
580 832 795 886 praecedit
827 832 870 872 in
896 832 977 873 hoc
1004 832 1145 872 codice
1173 832 1445 887 epigramma7

164 893 277 946 quod
309 892 403 933 dedi
435 892 478 932 in
512 891 740 946 appendice
773 906 811 931 n.
838 891 904 945 73,
937 891 1129 945 sequitur
1161 905 1328 931 carmen
1360 905 1445 931 non

162 952 303 992 minus
344 953 591 1005 corruptum
636 950 822 991 auctoris
854 950 991 1005 ignoti
1025 950 1073 990 de
1111 948 1363 1002 Hieronymi
1403 949 1443 989 in

162 1010 392 1065 prophetas
442 1009 775 1064 commentariis,
831 1009 944 1063 quod
994 1008 1167 1049 Damasi
1216 1022 1303 1049 non
1358 1022 1445 1048 esse

163 1070 301 1124 primo
335 1069 489 1110 obtutu
522 1067 750 1124 appa1·et.1)

193 1139 308 1189 Quos
351 1140 515 1181 codices
560 1140 611 1180 ad
655 1139 999 1180 constituendum
1043 1141 1208 1179 textum
1254 1137 1445 1178 sufficere

110 1199 306 1254 arbitror,
337 1199 398 1239 ita
428 1201 477 1239 ut
508 1198 636 1239 ceteri
670 1198 758 1238 sine
792 1198 944 1238 damno
970 1197 1138 1252 neglegi
1165 1196 1345 1250 possint:
1377 1210 1445 1236 ne-

94 1271 187 1312 ·que
214 1258 327 1299 enim
353 1257 594 1299 exhausisse
620 1272 687 1297 me
714 1256 1070 1297 bibliothecarum
1095 1258 1253 1309 puteos,
1271 1255 1446 1310 gloriari

103 1317 291 1357 animum
318 1315 520 1372 inducofl)
554 1316 603 1357 de
629 1316 894 1371 singulorum
922 1317 1061 1355 autem
1089 1314 1279 1355 codicum
1306 1313 1446 1354 indole

104 1376 206 1430 quid
243 1375 514 1416 iudicandum
552 1375 625 1428 sit,
663 1389 713 1415 ex
751 1376 956 1428 apparatu
994 1374 1141 1414 critico
1178 1372 1360 1426 patebit,
1404 1372 1447 1412 id

106 1435 322 1488 uidelicet,
365 1435 531 1475 nullum
571 1433 690 1474 uitiis
721 1448 894 1487 prorsus
932 1447 1071 1473 carere
1102 1446 1238 1485 neque
1270 1431 1393 1471 facile
1426 1445 1446 1471 e

103 1493 352 1534 mendorum
378 1507 530 1548 genere
556 1496 735 1533 stemma
760 1492 889 1533 statui
915 1506 1037 1546 posse
1063 1491 1272 1531 idoneum.
1306 1489 1447 1530 ortho—

106 1552 309 1607 graphica
340 1552 541 1606 pleraque
574 1551 742 1592 silentio
775 1550 992 1605 praeterii,
1036 1564 1132 1590 cum
1162 1563 1214 1590 ne
1245 1548 1447 1589 uetustio-

105 1611 223 1652 ribus
261 1611 431 1665 quidem
468 1611 590 1651 libris
622 1610 724 1651 satis
759 1610 857 1650 fidei
888 1609 1036 1650 haberi
1067 1608 1212 1663 possit.
1274 1608 1448 1648 selectas

106 1673 273 1711 tantum
299 1670 501 1711 lectiones
526 1683 717 1723 propono
745 1669 937 1710 codicum
963 1667 1332 1709 Aurelianensium
1346 1665 1447 1707 Vin-

107 1729 343 1770 docinensis
374 1728 676 1782 Vallicelliani‚
721 1730 957 1769 ceterorum
995 1742 1062 1768 me
1099 1726 1205 1767 scias
1243 1725 1448 1779 recepisse

107 1789 249 1829 omnia
281 1802 387 1842 quae
420 1790 656 1829 memoratu
690 1787 817 1842 digna
848 1787 940 1827 uisa
978 1788 1077 1827 sunt
1115 1785 1281 1826 omissis
1319 1784 1447 1824 mani-

106 1847 226 1888 festis
257 1847 491 1888 scribarum
518 1846 743 1887 erroribus.
783 1846 864 1886 hoc
897 1845 1045 1886 addam
1078 1843 1317 1897 exemplum
1349 1842 1449 1883 Aldi

109 1921 132 1946 a
157 1905 408 1947 Fabriciano
440 1920 525 1946 non
559 1905 725 1946 differre
756 1905 839 1945 nisi
872 1904 1037 1945 duobus
1068 1903 1184 1957 locis,
1215 1917 1255 1943 u.
1278 1901 1343 1956 13,
1375 1901 1447 1941 ubi

105 1972 222 2006 ratus
253 1964 406 2020 Aldus,
437 1977 557 2006 carus
587 1963 818 2019 Fabricius,
851 1966 892 2004 et
922 1978 962 2003 u.
989 1962 1063 2017 25,
1094 1962 1167 2002 ubi
1204 1961 1273 2001 hic
1305 1975 1448 2001 ueram

205 2094 238 2136 1)
263 2091 358 2126 Bull.
387 2091 486 2125 crist.
515 2094 747 2125 1884—1885
774 2102 807 2134 p.
830 2094 849 2123 8
877 2091 914 2124 et
942 2092 995 2123 15.

204 2142 238 2183 2)
263 2138 478 2173 indicantur
518 2137 585 2172 alii
617 2137 763 2172 codices
797 2137 843 2171 ab
876 2135 1045 2170 Ewaldio
1077 2135 1199 2170 Neues
1231 2134 1367 2168 Archiv
1399 2133 1449 2167 VI

111 2199 145 2231 p.
167 2189 234 2221 316
261 2185 319 2230 (cf.
347 2185 456 2220 Rossi
481 2184 581 2219 IChr.
608 2185 642 2219 II
666 2197 700 2229 p.
723 2188 803 2227 256,
831 2183 1033 2217 Toletanus
1061 2187 1115 2226 14,
1137 2186 1179 2216 22
1207 2193 1303 2215 nunc
1329 2181 1368 2214 in
1392 2180 1449 2213 bi-

108 2233 301 2268 bliotheca
328 2231 555 2276 Matritensi)
587 2234 624 2266 et
649 2231 688 2265 in
718 2230 908 2275 Catalogis
934 2229 1248 2264 bibliothecarum
1273 2227 1446 2271 municip.

111 2280 257 2315 Galliae
288 2280 361 2315 uol.
389 2280 404 2314 I
438 2280 593 2324 (Rouen)
631 2291 665 2323 p.
688 2283 706 2313 1
735 2278 827 2323 (cod.
855 2290 889 2312 n.
913 2282 929 2311 1
965 2288 1059 2311 saec.
1086 2276 1165 2320 XI),
1203 2288 1237 2319 p.
1261 2278 1326 2308 119
1353 2274 1447 2319 (cod.

110 2339 145 2361 n.
173 2330 240 2361 529
274 2338 368 2362 saec.
400 2327 482 2370 XII)
521 2328 558 2360 et
596 2325 668 2360 uol.
696 2325 728 2360 V
763 2324 1016 2369 (Charleville)
1053 2336 1087 2368 p.
1115 2326 1182 2357 568
1216 2322 1308 2365 (cod.
1341 2333 1376 2356 n.
1404 2325 1448 2355 49

113 2385 206 2409 sace.
227 2374 308 2418 XII)
334 2385 489 2418 eumque
516 2384 709 2407 numerum
735 2371 863 2417 augeri
888 2382 996 2416 posse
1021 2381 1238 2415 persuasum
1262 2368 1394 2403 habco.
