1636 2593
692 134 842 169 INDEX
866 135 920 173 V-
1385 138 1466 179 139

128 241 255 276 Proles
281 252 370 275 uera
396 239 457 274 dei
482 239 697 283 cunctisque
723 240 911 284 antiquior
937 241 1043 275 annis
1070 246 1113 276 69

127 289 353 333 Prophetam
380 287 516 322 Christi
543 289 712 321 sanctum
737 298 956 331 cognoscere
984 289 1095 323 debes
1124 293 1179 332 1,ss

127 336 292 371 Psallere
319 335 382 379 qui
409 334 536 368 docuit
562 334 662 368 dulci
686 334 937 370 modulamine
965 338 1112 370 sanctos
1139 340 1182 370 63

126 407 199 449 Qui
225 406 399 451 gradiens
424 405 550 450 pelagi
576 405 708 439 fluctus
735 406 954 450 compressit
980 418 1124 441 amaros
1152 411 1171 442 9

126 454 199 496 Qui
224 455 354 488 natum
378 463 602 497 passumque
629 453 738 486 deum
763 453 941 497 repetisse
967 456 1141 498 paternas
1168 459 1209 489 91

126 501 198 544 Qui
222 502 460 545 peccatorum
486 500 610 534 sordes
638 499 786 534 abolere
812 500 976 544 priorum
1004 506 1067 535 105

125 548 225 591 Quid
249 548 382 592 loquar
407 549 472 582 aut
498 546 650 581 sileam?
676 547 850 591 prohibet
877 547 980 582 dolor
1005 548 1084 592 ipse
1110 548 1219 583 fateri
1246 553 1290 583 53

125 595 318 641 <Quisque
345 594 426 629 sitit
451 593 579 628 ueniat
605 594 756 638 cupiens
782 594 930 628 haurire
956 595 1122 642 fluenta>
1152 600 1168 629 1

126 643 290 686 Quisque
315 642 420 676 uides
446 641 629 675 tumulum
655 640 774 675 uitam
800 641 830 675 si
857 642 1003 684 quaeris
1031 642 1149 686 operti
1175 643 1244 677 31*

124 689 300 734 Quisquis
326 689 437 734 plena
464 689 532 723 deo
558 688 735 732 mysteria
760 690 883 722 mente
910 689 1066 732 requiris
1096 693 1160 723 103

125 761 345 795 Sanctorum
370 758 591 803 quicumque
617 758 710 803 legis
737 769 913 793 uenerare
940 760 1174 803 sepulchrum
1199 764 1242 794 42

124 808 282 843 Sanctus
308 807 355 841 ab
383 807 504 841 officio
531 806 610 840 uita
636 806 761 850 grauis
788 805 912 840 indole
941 807 1083 850 priscus
1111 807 1179 840 20*

125 855 323 890 Saturnine
349 854 421 888 tibi
446 856 587 897 martyr
612 864 694 887 mea
720 854 810 887 uota
835 854 996 897 rependo
1023 857 1066 888 88
1093 854 1151 898 (cf.
1173 857 1231 898 46)

123 903 213 947 Spes
239 902 302 936 uia
328 901 408 935 uita
434 901 533 935 salus
559 900 655 934 ratio
683 900 868 944 sapientia
893 900 1017 935 lumen
1043 904 1086 935 67

123 950 271 994 Stringe
299 949 403 983 dolor
428 948 611 982 lacrimas.
662 947 809 991 quaeris
836 947 940 992 plebs
968 950 1097 982 saneta
1122 948 1369 993 Redemptum
1396 950 1459 983 21*

122 996 264 1032 Sumite
289 998 507 1041 perpetuam
533 996 661 1029 sancto
689 995 733 1029 de
759 994 907 1039 gurgite
934 995 1052 1029 uitam
1079 999 1121 1029 72

122 1069 173 1103 Te
201 1069 293 1102 duce
318 1066 498 1101 Venerius
524 1065 674 1110 rapidas
702 1065 933 1100 commiscuit
958 1066 1031 1100 iras
1059 1071 1100 1101 81

120 1116 301 1160 Tempore
327 1125 399 1158 quo
425 1113 574 1158 gladius
601 1113 719 1147 secuit
743 1112 807 1157 pia
833 1113 976 1147 uiscera
1001 1113 1131 1148 matris
1159 1119 1212 1149 13.
1235 1119 1288 1149 30.
1312 1119 1355 1148 43

168 1166 242 1198 u.2
289 1161 460 1206 egregius
487 1162 627 1204 martyr
652 1162 863 1204 contempto
889 1160 1056 1205 principe
1082 1161 1209 1195 mundi
1237 1166 1280 1195 30

286 1209 347 1242 hic
372 1207 515 1253 positus
540 1209 662 1241 rector
686 1206 863 1241 caelestia
888 1207 989 1241 iussa
1016 1208 1195 1242 docebam
1229 1213 1268 1242 13

288 1255 483 1299 sexaginta
511 1255 582 1288 duo
609 1254 709 1298 capti
735 1253 884 1288 feritate
910 1255 1060 1298 tyranni
1085 1259 1129 1288 43

120 1304 248 1349 Tityre
274 1305 315 1338 tu
341 1303 414 1337 fido
441 1302 621 1336 recubans
649 1301 715 1335 sub
742 1301 904 1345 tegmine
931 1301 1068 1336 Christi
1095 1303 1140 1336 3*

119 1375 285 1409 Verbera
311 1372 493 1408 carnificis
519 1372 686 1406 flammas
716 1373 899 1406 tormenta
925 1374 1075 1406 catenas
1103 1376 1145 1405 32

118 1421 313 1456 Veridicus
340 1422 460 1455 rector
484 1419 608 1464 lapsos
635 1418 723 1462 quia
749 1418 904 1453 crimina
929 1419 1014 1453 fiere
1039 1423 1084 1453 48

118 1468 284 1513 Virginis
310 1467 371 1502 hic
396 1469 546 1502 tenerae
572 1466 688 1500 lector
713 1465 885 1500 miserere
912 1466 1080 1510 sepulcro
1108 1470 1173 1501 107

120 1553 343 1598 Fraymenta
367 1552 530 1586 metrica:
558 1549 636 1583 15²3.
660 1550 737 1584 16*.
761 1553 814 1584 17.
838 1553 891 1584 19.
913 1554 965 1584 25.
988 1553 1042 1584 36.
1065 1550 1195 1594 50³⁶(52).
1217 1555 1270 1584 54.
1293 1554 1347 1585 59.
1370 1554 1412 1584 59
1423 1561 1455 1585 a.

284 1602 339 1633 60.
363 1602 404 1632 76
415 1609 446 1632 a.
469 1601 522 1631 90.
545 1598 640 1641 9402)

379 1810 419 1851 V
450 1809 635 1852 INDEX
667 1809 1144 1851 TOPOGRAPHICVS
1156 1809 1188 1867 1)

207 1903 237 1940 A
269 1902 501 1939 Monumenta
527 1902 738 1938 suburbana
764 1902 910 1950 digesta
936 1912 1004 1950 per
1029 1902 1193 1939 ordinem
1220 1902 1367 1939 uiarum

116 2000 133 2033 I
158 1996 447 2032 VATICANVM

259 2050 281 2078 4
331 2054 477 2078 carmen
504 2043 548 2077 de
574 2043 740 2078 fontibus
767 2044 960 2078 Vaticanis

259 2092 304 2126 5*
330 2101 477 2125 carmen
503 2090 551 2124 ad
576 2090 839 2135 baptisterium
864 2103 891 2126 s.
912 2090 1013 2125 Petri
1038 2090 1226 2135 pertinens
1236 2093 1278 2135 (22)

237 2142 279 2173 72
328 2137 504 2172 uersiculi
530 2137 659 2182 scripti
686 2138 749 2172 ‘ad
775 2137 911 2173 fontes’
940 2137 1121 2172 basilicae
1147 2138 1404 2182 Vaticanaeffl

236 2190 278 2221 73
329 2185 557 2229 epigramma
588 2184 808 2229 inscriptum
838 2185 919 2220 loco
948 2184 1032 2219 ‘ubi
1063 2184 1230 2229 pontifex
1256 2185 1452 2229 consignat

398 2231 574 2265 infantes’
604 2231 796 2275 (basilicae
822 2232 1065 2276 Vaticanae?)

215 2327 240 2372 ¹)
266 2325 439 2361 Carmina
461 2325 687 2360 Damasiana
709 2329 798 2359 1—3
824 2337 898 2360 non
923 2325 1112 2370 lapidibus
1138 2325 1317 2369 inscripta
1337 2325 1450 2360 fuisse

116 2385 228 2418 supra
252 2372 389 2408 monui.
440 2372 540 2407 idem
565 2372 667 2407 cadit
692 2372 731 2406 in
756 2385 815 2407 nn.
838 2377 974 2407 63—71
