1636 2593
156 146 213 187 4ss
547 143 730 178 DAMASI
756 141 1113 177 EPIGRAMMATA

157 257 302 288 sanctae
330 251 551 293 Felicitatis,
577 252 640 285 ubi
664 252 745 295 ipsa
771 251 862 285 'iacet
887 261 1048 294 corpore,
1080 250 1132 282 ibi
1157 253 1189 283 et
1215 248 1380 283 sillanus
1403 247 1502 290 filius

158 302 233 335 eius
265 311 361 333 unns
392 300 434 333 (Ie
466 299 546 333 VII
572 303 621 333 est
651 298 827 342 sepultus,
859 297 951 331 haec
983 297 1022 330 in
1048 295 1175 330 codice
1202 294 1500 340 Salisburgensi).

159 348 268 381 obibit
300 346 405 381 codd.
433 346 460 380 L
487 348 524 380 et
549 345 583 379 V
608 344 732 381 nescio
763 356 810 379 an
843 344 882 378 in
908 344 1035 389 lapide
1060 343 1173 378 fuerit
1293 346 1313 376 3
1339 343 1503 386 confessa

160 394 372 437 offenderet,
401 393 431 427 si
457 392 725 427 Damasianum
751 394 864 435 esset,
901 391 944 426 cf.
975 395 992 425 7
1019 392 1199 435 confessus
1227 390 1427 433 Christum,
1456 392 1502 424 43

159 443 310 484 confessi
337 441 538 484 Christum,
567 439 682 474 dictio
709 439 747 473 in
774 439 988 473 christianis
1014 438 1115 473 haud
1141 437 1373 482 infrequens,
1403 437 1504 481 quod

159 490 258 524 idem
286 488 484 523 dicendum
510 490 567 522 est
594 488 638 522 de
665 487 832 522 clausula
854 499 921 532 pei·
946 486 1089 521 saecula
1113 497 1258 528 nomen,
1291 484 1334 520 cf.
1364 488 1418 519 57.
1447 488 1501 519 64.

160 540 433 571 so.85.93.98

804 631 859 671 42

222 727 491 781 Sanctorum,
525 726 779 780 quicumque
812 725 929 781 legis,
961 739 1161 765 uenerare
1193 723 1475 778 sepulchrum.

220 798 395 839 nomina
425 812 502 838 nec
533 811 756 837 numerum
789 796 929 850 potuit
963 795 1143 836 retinere
1175 796 1375 836 uetustas.

223 868 392 909 ornauit
423 868 633 908 Damasus
665 867 896 921 tumulum,
935 866 1195 921 cognoscite,
1233 868 1389 920 rector,

219 954 296 993 pro
329 939 469 980 reditu
502 939 601 980 cleri
637 938 806 979 Christo
839 939 1079 992 praestante
1112 936 1380 990 triumphans

162 1022 182 1052 5
221 1010 482 1064 martyribus
514 1010 670 1051 sanctis
701 1009 839 1050 reddit
872 1023 947 1049 sua
978 1010 1079 1049 uota
1111 1007 1314 1048 sacerdos.

254 1114 473 1149 Laudantur
508 1116 690 1157 martyres
734 1113 853 1158 ignoti
893 1112 1030 1156 sepulti
1073 1114 1169 1146 teste
1207 1112 1239 1146 V
1278 1113 1318 1146 in
1358 1112 1504 1146 ecclesia

159 1174 202 1197 ss
228 1163 423 1207 Chrys-anti
448 1166 479 1196 et
505 1162 647 1196 Duriae
678 1161 741 1195 uia
768 1160 913 1195 Salaria
942 1171 1049 1194 noua.
1101 1158 1280 1193 exhibent
1310 1160 1505 1203 praeterea

160 1210 188 1244 P
216 1209 311 1253 (bis),
338 1209 382 1253 L,
409 1209 459 1252 H,
487 1208 651 1243 omnium
676 1207 835 1253 pessime
861 1208 900 1251 P,
929 1206 1067 1251 optime
1093 1207 1138 1250 L,
1165 1206 1269 1241 cuius
1296 1205 1507 1251 exemplum

162 1258 421 1302 expresserunt
453 1255 556 1290 Grut.
586 1259 693 1299 1171,
719 1259 756 1299 3,
790 1254 972 1289 Baronius
1005 1265 1036 1288 a.
1065 1257 1150 1297 367,
1185 1253 1361 1288 Sal-azani
1387 1266 1421 1288 11.
1449 1257 1504 1297 22,

161 1304 319 1338 Riuinus
339 1316 373 1338 n.
397 1307 451 1347 23,
471 1303 650 1338 Merenda
668 1315 703 1338 n.
727 1307 780 1346 16,
801 1302 879 1336 Mai
900 1301 1031 1346 Script.
1053 1303 1126 1336 uet.
1141 1301 1175 1335 V
1193 1313 1228 1346 p.
1250 1304 1330 1344 414,
1347 1305 1378 1344 1,
1397 1300 1507 1335 Rossi

161 1352 262 1386 IChr.
295 1351 329 1386 Π
359 1363 394 1395 p.
430 1354 512 1394 100,
548 1354 607 1394 173
646 1350 791 1394 reliqua
823 1349 1040 1394 apographa
1079 1349 1179 1393 apud
1216 1347 1390 1383 Rossium
1426 1347 1449 1382 l.
1477 1359 1506 1382 c.

163 1412 197 1444 p.
219 1404 275 1443 84,
297 1402 340 1432 30
365 1411 400 1443 p.
423 1402 478 1442 87,
501 1402 571 1432 31e
597 1410 631 1442 p.
656 1402 733 1441 121,
755 1401 774 1431 9
800 1409 834 1442 p.
858 1400 936 1439 135,
958 1400 977 1430 9

259 1451 276 1480 1
304 1447 530 1490 seymlchrmn
549 1446 593 1489 L,
619 1446 809 1489 sepulchra
827 1444 937 1478 PHV
956 1445 967 1488 Η
987 1447 1006 1477 2
1033 1454 1162 1478 πωπω
1187 1455 1236 1478 απ
1262 1448 1294 1478 et
1318 1454 1507 1477 numerum

159 1495 243 1539 picit
274 1494 350 1527 Pn.
366 1497 410 1527 30
442 1494 453 1537 Η
491 1497 510 1526 3
543 1494 664 1527 orauit
695 1493 858 1527 Pn.31e
893 1494 898 1535 Ι
932 1492 1129 1526 clcmmasus
1159 1491 1235 1524 ΡΠ.
1251 1494 1296 1524 30
1331 1492 1335 1531 Ι
1370 1490 1506 1524 tzmmlo

163 1542 366 1587 cossim-scite
384 1541 412 1574 P
428 1544 527 1584 n.3(›,
549 1541 708 1574 tumidus
727 1550 929 1585 cognoscere
948 1538 976 1572 P
990 1542 1107 1572 n.31e
1130 1539 1133 1583 1
1156 1542 1270 1572 'rector
1288 1537 1362 1580 PL,
1389 1538 1507 1571 doctos

164 1588 200 1633 (i.
223 1599 252 1623 e.
280 1589 414 1632 doctor)
436 1587 480 1631 H,
508 1599 590 1633 royo
610 1587 642 1621 V
661 1589 672 1631 Η
691 1592 712 1621 4
738 1588 843 1622 celeri
861 1586 930 1620 PH
949 1587 960 1630 Η
981 1589 1000 1619 5
1026 1586 1183 1619 ’ν6ᾱιῖιῖᾱίύ
1202 1585 1242 1628 P,
1268 1585 1402 1619 redditi
1426 1583 1460 1617 H

260 1635 317 1668 Ad
343 1647 377 1669 u.
401 1639 417 1668 1
444 1646 617 1670 uenerare
638 1635 863 1678 sepulchrum
883 1631 1051 1667 clausula
1070 1631 1169 1666 redit
1189 1635 1243 1666 27.
1265 1635 1320 1674 46,
1347 1632 1505 1676 quicum-

166 1694 231 1727 que
258 1683 343 1727 Ieyis
370 1686 414 1715 14
535 1686 554 1715 2
580 1681 690 1715 Prud.
717 1680 848 1715 Perist.
876 1680 925 1714 XI
947 1683 966 1713 9
982 1691 1059 1723 sqq.
1086 1684 1171 1714 sunt
1201 1683 1232 1713 ct
1262 1683 1363 1713 *inuia
1388 1683 1508 1713 tamen

165 1731 295 1765 tacitas
314 1730 522 1764 claudentia
541 1730 682 1763 tumbas
700 1739 892 1770 marmora,
918 1739 1006 1771 qnae
1025 1727 1136 1761 solum
1157 1726 1366 1771 siqniftcant
1385 1737 1506 1760 nume-

165 1789 255 1812 ram.
301 1780 438 1821 quanta
462 1777 584 1811 uirum
605 1777 746 1810 ‘iaceant
765 1776 938 1820 complestis
963 1785 1112 1818 corpora
1132 1774 1272 1808 aceruis
1290 1784 1390 1808 nosse
1416 1773 1507 1816 licet,

167 1835 318 1869 quorum
336 1825 486 1858 nomina
507 1824 611 1858 milla
630 1824 734 1868 Ieyas.
780 1821 946 1856 clausula
960 1820 1102 1865 Vergili
1121 1822 1219 1855 ualet
1243 1825 1383 1856 mutare
1406 1824 1507 1855 uetu-

167 1877 241 1906 stas
266 1871 355 1905 Aen.
377 1871 429 1904 111
447 1874 515 1905 415
614 1874 633 1903 3
660 1882 693 1904 u.
722 1870 805 1904 adn.
830 1874 883 1913 11,
906 1874 923 1903 7
952 1870 989 1903 et
1016 1872 1046 1911 7,
1067 1873 1088 1902 4
1184 1873 1206 1902 4
1233 1868 1277 1902 de
1303 1868 1373 1902 hoc
1398 1877 1506 1902 uersu

167 1931 200 1953 u.
229 1918 381 1963 Langen
407 1917 629 1952 Geschichte
657 1917 721 1952 der
746 1917 871 1951 Roem.
899 1915 1032 1950 Kirche
1059 1916 1075 1949 Ι
1100 1928 1134 1960 p.
1162 1919 1240 1950 501.
1290 1914 1416 1950 Vrsini
1442 1914 1507 1948 ad-

174 1965 293 2000 seclae
320 1967 527 2010 tanguntur
557 1967 643 2009 post
668 1966 793 1999 tantas
820 1964 949 1998 turbas
975 1963 1135 1997 Damaso
1167 1962 1410 1998 reconciliati.
1461 1961 1505 1996 cf.

167 2013 277 2057 Verg.
309 2013 398 2047 Aen.
426 2013 459 2046 Π
487 2017 529 2047 17
561 2017 685 2047 uotum
705 2023 775 2056 pro
800 2013 919 2046 reditu
949 2012 1122 2045 simulant
1236 2015 1255 2044 5
1282 2022 1315 2044 u.
1343 2009 1427 2044 adn.
1453 2012 1507 2042 36.

170 2060 277 2095 Ouid.
299 2060 378 2094 Am.
400 2060 415 2093 Ι
439 2064 468 2103 7,
490 2064 532 2094 36
561 2065 714 2104 uotaque
738 2059 844 2094 redde
869 2059 954 2092 Ioui

260 2310 466 2364 Tempore
499 2324 581 2363 quo
614 2309 779 2365 gladius
811 2309 944 2349 secuit
976 2308 1046 2363 pia
1076 2307 1237 2348 uiscera
1269 2306 1434 2361 matris,

260 2382 478 2437 sexaginta
511 2381 592 2422 duo
625 2380 736 2434 capti
768 2380 935 2421 feritate
967 2379 1136 2433 tyranni

1625 1012 1636 1300 Η

1629 1319 1636 1587 ς

1633 2086 1636 2181 l
