1636 2593
457 100 640 135 DAMASI
664 101 1018 136 EPIGRAMMATA
1350 105 1404 144 13

75 206 203 241 Gesch.
226 206 291 240 der
310 204 606 239 altchristlichen
624 205 828 240 Litteratur
847 207 906 252 XI,
932 208 1078 252 Lipsiae
1101 211 1202 254 1893)
1222 221 1255 253 p.
1277 213 1320 243 43
1336 221 1405 253 sq.;

71 252 273 288 Buecheler
292 251 442 286 Anthol.
465 252 578 296 epigr.
598 264 632 286 n.
655 256 723 286 304

168 298 442 343 Praescriptum
466 300 506 333 in
531 300 714 343 sepulchro
741 301 850 335 Nerei
875 306 907 336 et
931 302 1085 337 Achillei
1115 303 1156 336 in
1180 304 1243 338 uia
1269 304 1402 348 Appia.

74 348 211 382 Nereus
236 351 268 382 et
293 346 475 381 Achilleus
499 350 675 391 martyres
700 346 738 379 in
763 347 808 389 E,
837 348 974 383 Nereus
999 354 1031 384 et
1055 350 1222 384 Achaeus
1248 355 1405 396 martyr:

71 394 111 428 iu
136 394 164 427 T
195 395 207 438 Η
239 397 256 427 1
284 394 484 437 almumque
510 393 537 426 L
569 392 621 437 (in
647 392 771 437 lapide
798 394 826 435 Q
856 396 1002 429 tantum
1033 395 1179 430 litterae
1206 397 1405 441 uestigium

71 442 248 485 superest)
268 441 279 484 ΙΙ
304 444 323 474 2
350 441 485 475 ttrraw?
510 440 538 473 T
558 442 569 484 Η
595 443 615 474 4
640 441 761 483 fwrore
786 441 814 474 E
850 443 886 475 et
912 441 1006 486 lapis
1033 442 1170 477 fractus
1198 443 1256 477 cui
1281 446 1405 488 potest

70 499 228 533 incisum
252 498 365 533 fuisse
386 498 596 542 FVRORE,
622 499 664 532 ut
686 498 913 534 PARENTV
939 500 978 534 in
1003 500 1193 545 epitaphio
1213 502 1404 537 Proiectae

71 559 105 581 11.
128 550 171 580 53
190 548 202 591 ΙΙ
222 550 240 580 6
263 545 516 591 ΡΗΟΙΟῌΜήὑ]
538 545 644 590 lapis,
662 546 859 590 proficiunt
879 547 954 591 TL,
976 558 1045 581 om.
1067 548 1094 581 E
1116 548 1403 592 (PROHCIVNT

71 593 217 637 Gruter)
252 593 256 639 Ι
291 594 430 638 clypeos
461 593 543 636 EL,
575 593 726 637 clippeos
758 592 786 626 T
816 593 872 637 (of.
903 596 994 637 1,11)
1030 596 1033 637 Ι
1068 596 1203 639 telaque
1235 596 1339 630 codd.
1368 598 1405 630 et

69 639 165 685 lapis
180 642 201 684 (.
216 669 221 675 .
237 639 318 682 ,ΑΩ
333 643 364 684 -),
386 645 418 675 et
436 642 506 675 tela
527 639 749 674 emendabat
764 639 897 674 Gruter
916 651 1109 685 perperam
1128 642 1172 676 cf.
1188 642 1271 676 adn.
1290 647 1320 685 1,
1338 647 1378 676 12
1392 643 1404 689 Η

71 690 90 721 7
115 686 357 721 TRIVMFOS
384 686 490 731 lapis,
517 687 713 731 trtmnphos
739 687 843 721 codd.
868 687 927 721 hic
954 690 991 721 et
1017 687 1109 721 alibi
1129 688 1403 732 (FILOCALVS

71 733 168 778 lapis
186 736 240 777 18)
261 736 272 778 ΙΙ
292 736 312 768 8
335 734 473 769 Christi
503 735 590 778 quid
607 735 724 779 yloria
738 735 850 778 possit
868 734 896 767 T
917 736 928 778 (
932 762 1018 769 .....
1035 734 1212 769 GLORIA
1232 735 1405 770 CHaISTI

70 792 177 837 lapis,
203 803 277 827 non
302 792 394 836 XPI)

162 840 220 874 Ad
253 851 286 874 u.
316 844 331 873 1
366 841 545 883 martyres
578 839 616 872 in
648 839 741 873 actis
768 839 930 883 (Achelis
956 839 978 873 l.
1001 851 1028 874 c,
1055 852 1089 883 p.
1119 842 1151 883 1)
1185 840 1403 875 cubicularii

68 886 183 921 fuisse
199 886 371 920 dicuntur
384 886 537 920 Flauiae
552 886 767 920 Domitillae
782 886 986 920 Domitiani
1004 886 1136 920 sororis
1151 887 1250 921 filiae
1265 887 1402 931 (Fried-

68 933 222 968 laender
245 933 488 978 Sittengesch.
510 933 544 967 1⁶
562 945 595 977 p.
615 936 712 977 504),
738 933 992 978 praetorianos
1019 933 1142 977 potius
1168 933 1316 968 uidetur
1343 935 1402 968 de-

68 980 215 1025 signare
241 980 422 1015 Damasus
450 982 495 1024 (u.
519 985 537 1014 5
564 985 683 1015 castra
708 980 730 1015 i.
753 991 781 1015 e.
802 982 999 1025 pmetorz'a,
1025 982 1066 1014 ut
1091 982 1200 1024 putat
1224 981 1401 1025 Rossius).

66 1039 281 1072 saeuamque
306 1029 493 1063 tridentem
519 1027 686 1061 clausula
710 1027 818 1072 Verg.
846 1028 935 1062 Aen.
963 1028 979 1061 I
1004 1031 1069 1061 138
1190 1031 1209 1061 2
1237 1028 1403 1062 clausula

65 1076 165 1110 iussa
196 1076 348 1120 tyranni
378 1075 499 1119 (Verg.
527 1075 615 1109 Aen.
638 1075 705 1108 VH
728 1078 794 1109 368
827 1076 925 1109 'itt-ssa
953 1076 1128 1119 parentis)
1160 1075 1257 1109 redit
1289 1075 1327 1108 in
1359 1079 1402 1108 27

65 1123 105 1156 et
134 1125 187 1156 37.
240 1121 360 1156 Sedul.
394 1133 504 1157 carm.
536 1121 660 1166 pasch.
694 1122 727 1155 ΙΙ
761 1125 825 1156 102
864 1126 1080 1156 contemmere
1117 1123 1216 1156 iussa
1253 1123 1404 1168 tyranni

161 1172 180 1202 3
213 1168 256 1203 cf.
284 1169 391 1212 Verg.
419 1169 506 1203 Aen.
534 1169 567 1202 V
595 1171 659 1202 138
691 1171 748 1213 (ε
782 1168 912 1213 Georg.
945 1169 996 1202 ΠΙ
1029 1170 1108 1212 106)
1149 1170 1257 1204 corda
1283 1181 1403 1213 pauor

59 1216 216 1260 pulsans
248 1217 284 1250 et
310 1215 495 1249 clausulas
526 1215 690 1249 eiusdem
715 1220 848 1250 certare
869 1217 1011 1260 parati,
1043 1217 1253 1260 oespomlere
1274 1218 1402 1260 parati

64 1262 144 1297 sim.
173 1263 275 1306 (Aen.
296 1262 327 1296 V
350 1265 414 1296 108
440 1262 515 1296 Eol.
537 1262 604 1296 VII
631 1265 674 1306 5).
719 1274 829 1307 supra
857 1267 886 1306 1,
908 1266 927 1295 5
956 1262 1095 1297 Christo
1120 1264 1254 1298 seruire
1276 1264 1403 1307 parati

160 1313 182 1343 4
206 1311 300 1344 mira
318 1310 404 1352 fides
423 1321 542 1344 rernm
561 1309 658 1343 redit
678 1314 709 1353 2,
727 1314 766 1343 11
784 1311 821 1344 et
835 1313 890 1352 46,
911 1309 955 1344 cf.
972 1309 1081 1353 Verg.
1097 1310 1185 1344 Aen.
1208 1309 1258 1343 IX
1271 1313 1338 1343 277
1348 1321 1399 1353 sq.

66 1357 228 1391 maxima
252 1368 369 1391 rerum
394 1358 649 1401 uerborumque
673 1358 768 1399 fides.
819 1356 913 1390 talia
939 1356 1038 1400 apud
1064 1356 1285 1390 christianos
1314 1368 1400 1401 gen-

65 1403 224 1446 tilesque
244 1405 373 1447 poetas
395 1403 558 1448 saepius:
588 1405 681 1438 ‹mio-a
699 1404 784 1446 fides
806 1403 897 1437 Stat.
921 1403 1008 1438 Silu.
1029 1403 1079 1437 ΠΙ
1103 1407 1133 1446 3,
1152 1407 1193 1437 21
1222 1404 1272 1437 IV
1292 1408 1323 1447 4,
1345 1406 1400 1447 81,

64 1449 208 1484 Paulin.
241 1450 323 1484 Nol.
351 1450 418 1484 XV
438 1454 504 1484 253
536 1450 620 1484 XIX
646 1454 729 1494 550,
763 1461 831 1495 pro
859 1452 953 1485 mim
983 1452 1069 1493 fides
1100 1450 1244 1485 quenc.
1273 1451 1288 1484 Ι
1323 1454 1398 1484 113.

65 1497 110 1532 cf.
132 1496 240 1531 Rossi
260 1497 358 1531 IChr.
380 1497 413 1530 ΙΙ
438 1509 472 1541 p.
495 1501 555 1540 64,
579 1501 621 1531 10
641 1515 683 1526 =
704 1509 737 1542 p.
762 1501 838 1541 106,
859 1501 914 1541 46,
941 1509 974 1541 p.
999 1501 1052 1540 70,
1075 1501 1117 1531 70
1138 1515 1180 1526 z
1200 1510 1233 1542 p.
1258 1502 1334 1541 112,
1358 1501 1398 1531 72

159 1548 178 1578 6
201 1544 252 1578 sic
269 1548 345 1587 1,12
360 1545 474 1588 impia
487 1546 698 1579 maledicunt
717 1546 851 1588 faleras
865 1546 1000 1589 telaque
1012 1549 1195 1589 {serentem
1230 1544 1273 1578 cf.
1289 1544 1397 1588 Verg.

65 1592 154 1625 Aen.
175 1591 225 1624 VI
245 1594 311 1625 835
331 1592 452 1635 proice
472 1593 541 1626 tela
559 1603 671 1626 manu
691 1593 728 1625 et
747 1591 866 1625 exitus
888 1592 957 1626 tela
976 1596 1138 1626 cruentat
1157 1591 1246 1626 Aen.
1268 1591 1300 1624 X
1322 1595 1398 1633 730,

65 1650 168 1673 arma
193 1643 340 1673 eruenta
365 1638 398 1671 X
423 1642 489 1672 461
519 1638 623 1681 (conl.
651 1638 701 1672 IX
723 1640 812 1683 750),
840 1639 910 1673 tela
935 1643 1082 1673 cruenta
1109 1637 1214 1672 Ouid.
1237 1638 1345 1673 Trist.
1367 1638 1399 1671 V

68 1688 97 1728 7,
119 1689 163 1718 34
248 1689 266 1719 7
295 1685 432 1720 Christi
457 1697 610 1721 meruere
635 1686 832 1729 triumphos
858 1689 901 1719 23
986 1689 1005 1719 8
1027 1690 1146 1730 posset
1172 1686 1258 1729 quid
1282 1686 1398 1730 gloria

68 1732 200 1767 Christi
224 1735 295 1776 2,7,
321 1734 537 1767 monstrante
561 1734 678 1778 ylorta
705 1733 838 1767 Christi
864 1736 923 1776 27,
950 1737 1093 1777 possent
1124 1734 1210 1776 quid
1235 1733 1398 1777 praemiet

64 1780 162 1814 uitae
188 1783 277 1823 2,12.
329 1779 372 1813 cf.
401 1779 484 1814 adn.
508 1784 563 1823 3,4

721 1888 744 1928 9

155 1979 235 2029 Qui
267 1980 461 2035 gradiens
492 1981 630 2036 pelagi
662 1981 815 2021 fluctus
847 1980 1093 2034 compressit
1126 1994 1304 2033 amaros,

153 2051 297 2091 uiuere
331 2051 402 2104 qui
434 2054 619 2104 praestat
650 2051 873 2092 morientia
904 2051 1063 2091 semina
1094 2054 1245 2103 terrae,

152 2121 314 2162 soluere
348 2121 419 2175 qui
451 2122 591 2175 potuit
622 2121 764 2162 letalia
794 2121 964 2162 uincula
996 2121 1160 2174 mortis,

152 2193 248 2245 post
280 2191 473 2232 tenebras
504 2192 694 2246 fratrem,
726 2194 822 2246 post
854 2191 979 2232 tertia
1010 2191 1168 2231 lumina
1200 2190 1298 2230 solis

89 2272 109 2302 5
153 2261 205 2301 ad
235 2276 407 2316 superos
440 2262 593 2303 iterum
624 2262 814 2303 Marthae
848 2263 999 2303 donare
1032 2261 1182 2314 sorori,

152 2334 247 2385 post
279 2332 436 2373 cineres
468 2331 697 2374 Damasum
728 2333 853 2373 faciet
885 2332 982 2386 quia
1013 2344 1182 2385 surgere
1214 2329 1348 2370 credo.
