1636 2593
124 89 207 123 XIV
656 88 927 124 PRAEFATIO

124 201 171 238 ut
203 198 335 252 potui,
368 197 596 253 recognoui
629 200 671 238 et
703 198 812 239 auxi.
875 198 978 239 ordo
1011 197 1144 253 igitur
1176 198 1219 238 in
1250 198 1462 254 plerisque

124 256 245 297 libris
273 257 306 297 is
334 260 395 297 est
416 260 463 296 ut
482 256 735 310 praecedant
759 271 906 298 uersus
926 256 1178 310 Hieronymi
1200 255 1462 312 (63,1—-10)

126 341 180 344 —
201 316 236 356 si
269 315 393 356 modo
428 316 462 355 is
494 318 641 356 auctor
674 316 852 356 iudicari
883 318 1035 370 potest,
1068 330 1151 370 qua
1183 316 1232 356 de
1265 330 1309 356 re
1340 316 1463 357 ualde

126 375 273 415 dubito
307 399 380 428 —,
424 377 655 429 sequantur
692 375 937 416 Damasiani
982 375 1173 416 continui
1218 373 1464 431 (1‚1—17).

124 437 221 474 sunt
254 436 395 474 autem
426 433 488 474 hi:

54 505 98 546 α1
242 503 287 545 a1
320 504 408 545 cod.
430 504 772 546 Vindobonensis
807 505 916 547 1861
958 519 1061 546 saec.
1082 503 1206 558 VIII,
1244 504 1464 546 continens

183 564 432 617 psalterium
471 579 494 604 a
528 562 678 605 Carolo
718 564 990 618 imperatore,
1028 566 1076 604 ut
1113 564 1314 617 traditur,
1353 563 1463 605 dono

182 623 358 663 missum
390 622 608 664 Hadriano
636 622 655 663 I
687 623 881 677 pontifici
913 623 1202 677 scriptumque
1228 637 1356 663 manu
1381 622 1463 663 Da-

182 682 286 737 gulfi
330 682 559 723 cuiusdam.
632 682 890 723 carminibus
930 682 1086 723 lemma
1125 682 1361 735 praefixum
1403 685 1465 723 est

182 740 261 781 hoc
296 742 388 782 item
419 743 526 783 mede
555 743 633 793 aas)
663 741 846 783 Damasi
877 745 915 783 et
942 740 1160 796 Eam-onst)
1217 755 1309 782 mea
1341 755 1465 782 causa

183 800 364 840 contulit
395 799 648 855 Rudolphus
674 801 792 842 Beer.
837 800 1016 856 singulis
1048 799 1241 841 uersibus
1274 800 1464 854 adpictae

181 861 279 899 sunt
312 859 486 900 alternis
524 860 691 901 litterae
724 859 762 900 D
796 863 838 901 et
868 859 927 912 H,
967 859 1121 913 quibus
1159 859 1298 900 scriba
1335 859 1463 914 signi·

180 918 306 958 ficare
332 918 471 959 uoluit
496 920 681 973 primum
707 934 877 960 uersum
903 919 1076 959 Damasi
1103 933 1202 972 esse,
1234 918 1464 959 sectmdum

180 976 434 1031 Hieronymi
485 981 526 1019 et
575 978 635 1019 sic
686 978 892 1032 deinceps.
972 978 1085 1032 quod
1140 977 1251 1018 idem
1306 980 1463 1019 temere

180 1036 339 1077 factum
372 1037 564 1078 uidemus
595 1038 639 1078 in

53 1095 99 1137 a?
242 1094 289 1136 a‘·'
326 1096 414 1137 cod.
446 1095 578 1137 Paris.
609 1096 722 1138 4841
764 1110 868 1137 saec.
900 1095 961 1136 IX
1004 1094 1050 1151 (f.
1078 1094 1208 1152 93).‘2)
1273 1095 1322 1137 de
1362 1096 1463 1137 lem-

182 1157 293 1195 mate
333 1155 446 1209 quod
483 1155 553 1196 hic
584 1155 862 1209 praemissum
894 1158 957 1196 est
988 1154 1213 1209 ALBINVS,
1252 1154 1463 1196 Henricus

182 1212 339 1254 Omont
377 1213 479 1254 haec
518 1229 683 1255 mecum
722 1215 1073 1255 communicauit:
1117 1215 1177 1255 ‘le
1215 1214 1315 1255 titre
1346 1214 1464 1255 Albi-

179 1286 275 1323 wts,
315 1287 367 1313 en
398 1276 501 1327 tete,
540 1288 606 1314 me
644 1274 782 1328 pai-ait
820 1274 937 1314 avoir
976 1274 1041 1314 ete
1073 1274 1154 1314 mis
1185 1288 1262 1327 par
1292 1272 1463 1327 Pithon,

181 1331 253 1385 qui
298 1347 320 1372 a
363 1333 538 1386 possede
577 1333 615 1373 le
653 1333 905 1387 manuscrit3
949 1332 990 1373 la
1026 1333 1143 1386 piece
1182 1347 1205 1373 a
1237 1333 1303 1373 ete
1334 1333 1463 1373 ecrite

180 1391 560 1444 posterieurement
598 1407 669 1432 sur
708 1390 752 1446 Ἃ
791 1391 889 1432 (1’1111
925 1392 1089 1432 feuillet
1126 1391 1250 1432 laisse
1281 1391 1463 1446 primiti-

179 1453 348 1490 vement
381 1465 433 1491 en
465 1450 615 1492 blanc.⁹

71 1517 97 1560 β
240 1510 270 1560 β
301 1509 389 1550 00(1.
423 1509 608 1566 Sangall.
641 1511 694 1552 27
729 1524 833 1551 saec.
864 1508 925 1550 IX
956 1525 995 1563 p.
1025 1510 1090 1563 13,
1124 1510 1197 1563 qui
1228 1509 1309 1551 hoc
1339 1524 1462 1564 pecu-

181 1567 284 1608 liare
316 1568 444 1610 habet
477 1569 590 1623 quod
623 1569 738 1610 deest
768 1583 915 1610 uersus
946 1583 1055 1610 mmo
1085 1568 1267 1610 Damasi
1296 1570 1463 1610 monitis

180 1640 301 1668 ames
329 1628 520 1680 praebete
557 1629 751 1681 benignas
791 1626 916 1683 (1,1).
979 1628 1159 1669 contulit
1197 1627 1303 1668 mihi
1334 1626 1463 1669 Adol-

180 1685 291 1739 phus
328 1685 441 1728 Faeh
484 1687 767 1728 bibliothecae
808 1687 1046 1742 praefectus
1087 1689 1128 1728 et
1168 1686 1280 1727 hunc
1323 1689 1364 1728 et
1406 1687 1463 1728 al-

181 1747 320 1785 terum

52 1803 97 1854 (3¹
240 1803 285 1855 [3¹
330 1805 418 1845 cod.
458 1804 641 1861 Sangall.
682 1806 765 1847 110
809 1819 913 1846 saec.
950 1804 1012 1846 IX
1054 1821 1092 1859 p.
1127 1806 1223 1847 382.
1285 1806 1463 1846 carmini

179 1861 514 1916 Hieronymiano
544 1865 852 1919 praescriptum
884 1866 947 1905 est
969 1864 1199 1906 Versiealus
1224 1864 1463 1906 Hieronimi

171 1922 287 1973 prbi,
332 1922 587 1965 Damasiano
630 1922 746 1979 (post
783 1938 953 1965 uersum
991 1923 1183 1964 Inueniet
1212 1923 1350 1965 latices
1379 1937 1462 1966 ser-

180 1984 284 2021 uant
312 1982 384 2033 qui
414 1982 548 2023 dulcia
581 1982 720 2039 mella)
755 1983 859 2025 Item
884 1982 1109 2024 alcerse'cnlus
1134 1982 1316 2024 Damasi
1339 1997 1461 2037 pape.

52 2039 94 2091 7¹
237 2039 282 2093 7¹
327 2040 415 2081 cod.
447 2041 670 2098 Bamberg.
702 2041 742 2082 A
773 2041 793 2082 Ι
828 2042 899 2096 14,
937 2041 1108 2082 iubente
1142 2040 1366 2083 Salomone
1397 2040 1463 2082 HI

179 2099 362 2152 scriptus
399 2115 508 2141 anno
542 2102 625 2142 909
661 2100 952 2155 Constantiae,
985 2100 1174 2141 continet
1211 2100 1461 2154 psalterium

180 2158 453 2212 quadruplex,
487 2158 752 2201 Gallicanum
779 2159 1019 2201 Romanum
1051 2159 1309 2200 Hebraicum
1336 2158 1461 2200 Grae-

219 2288 251 2328 1)
278 2285 407 2320 Kollar
432 2287 538 2322 Anal.
568 2287 726 2322 Vindob.
754 2288 769 2322 Ι
795 2300 829 2332 p.
851 2291 919 2322 397
938 2299 990 2332 sq.

217 2337 249 2376 2)
277 2333 385 2368 Rossi
412 2333 433 2369 l.
456 2345 484 2369 0.
511 2346 545 2379 p.
567 2338 646 2370 272.
675 2339 753 2370 464.
