1636 2593
499 123 683 158 DAMASI
708 123 1065 159 EPIGRAMMATA
1394 124 1449 165 59

735 277 823 320 58*

200 381 321 422 Hanc
353 397 468 423 aram
501 382 661 423 domini
687 386 858 424 seruant
888 383 1128 438 Paulusque
1159 383 1368 425 Iohannes

200 453 453 506 martyrium
488 451 646 494 Christi
678 454 837 507 pariter
868 469 944 508 pro
976 455 1146 496 nomine
1178 456 1308 509 passi,

199 523 405 578 sanguine
437 538 649 577 purpureo
682 527 915 565 mercantes
946 526 1132 579 praemia
1163 526 1289 567 uitae.

207 649 363 685 Carmen
394 649 553 685 fortasse
585 652 756 685 truncum
787 652 902 686 codex
930 652 1120 687 Leidensis
1154 653 1319 687 seruauit
1344 652 1448 687 Voss.

108 698 176 732 lat.
198 697 226 739 Q
249 701 292 732 69
319 709 412 732 saec.
434 698 482 731 IX
510 697 532 732 f.
557 698 622 741 18'‚
648 698 746 732 unde
766 698 805 732 in
824 698 944 733 lucem
963 699 1155 734 reuocauit
1176 700 1328 733 Hessius
1348 699 1448 734 IChr.

110 745 145 779 II
168 756 202 789 p.
230 748 298 779 274
329 757 363 779 11.
392 749 411 779 5
449 745 632 779 adnotans
670 745 719 779 ad
749 746 1017 780 monasterium
1054 748 1091 781 et
1123 746 1242 781 altare
1274 747 1449 781 Iohannis

110 791 292 836 Paulique
323 791 363 825 in
388 792 571 826 Vaticano
604 791 789 836 pertinere
822 792 894 827 sibi
927 792 1046 827 uideri
1079 795 1339 837 auctoremque
1372 805 1449 827 car-

111 838 221 873 minis
247 839 401 873 Damasi
434 839 561 873 stilum
586 839 804 874 adfectasse.
855 839 1007 874 titulum
1038 840 1155 884 ipsius
1185 840 1338 874 Damasi
1371 851 1448 874 esse

111 888 149 921 et
181 888 348 931 spectare
389 886 437 920 ad
469 886 578 920 aedes
617 886 899 930 sepulcrumque
930 886 1105 921 Iohannis
1138 887 1318 931 Paulique
1355 899 1450 921 mar-

111 935 235 977 tyrum
261 933 625 968 Caelimontanorum
651 933 834 967 Germano
866 934 1023 978 probare
1055 936 1209 968 conatus
1243 936 1298 968 est
1324 935 1448 968 Roem.

112 980 400 1022 Quartalschrift
425 980 476 1014 VI
504 984 593 1014 1892
624 993 658 1025 p.
687 985 731 1015 59
747 992 824 1024 sqq.
860 986 917 1023 (z
944 981 1280 1026 Archaeologische
1312 981 1451 1015 Ehren-

110 1027 207 1072 gabe
228 1027 292 1062 der
310 1028 435 1062 Roem.
459 1027 748 1069 Quartalschrift
768 1040 811 1062 zu
831 1027 885 1062 De
904 1028 1043 1062 Rossi's
1063 1028 1170 1063 LXX.
1190 1028 1450 1072 Geburtstage,

111 1075 251 1115 Romae
279 1078 386 1118 1892,
419 1087 452 1119 p.
481 1078 524 1108 59
540 1086 635 1118 sqq,
668 1075 720 1109 La
746 1086 833 1109 casa
859 1075 1108 1109 celimontana
1141 1075 1201 1109 dei
1234 1087 1278 1110 ss.
1306 1075 1452 1109 martiri

112 1121 298 1156 Giovanni
324 1133 343 1157 e
368 1121 500 1165 Paolo,
526 1122 666 1156 Itomae
695 1126 800 1165 1894,
826 1134 860 1166 p.
886 1126 952 1156 349
969 1125 1061 1166 sqq.)
1093 1122 1208 1156 fretus
1242 1122 1450 1167 fragmento

112 1168 250 1213 lapidis
275 1168 315 1203 in
334 1168 425 1214 ipsis
446 1171 659 1203 sanctorum
682 1169 838 1203 aedibus
864 1169 1027 1212 inuento,
1054 1169 1093 1202 in
1113 1180 1184 1213 quo
1205 1181 1331 1203 ueram
1351 1169 1451 1204 litte-

109 1227 234 1250 rarum
251 1215 549 1250 Philocalianam
574 1215 732 1250 formam
757 1227 957 1260 agnoscere
985 1216 1057 1250 sibi
1078 1216 1179 1250 uisus
1201 1218 1266 1250 est.
1312 1216 1450 1250 exami-

108 1263 208 1297 natis
233 1263 385 1297 frustuli
410 1262 547 1298 litteris
573 1263 634 1297 uel
659 1263 783 1307 potius
810 1263 1019 1297 litterarum
1043 1263 1155 1297 trium
1175 1263 1252 1297 NIS
1279 1265 1326 1307 (u.
1351 1268 1367 1297 1
1390 1265 1449 1297 (lo-

107 1310 211 1345 mz'NI
231 1310 400 1353 Seruum)
420 1309 579 1344 residuis
600 1310 790 1344 adsentior
809 1310 867 1344 illi
887 1309 1135 1344 Philocaliani
1162 1310 1306 1353 aliquid
1329 1310 1449 1344 inesse

108 1368 228 1400 neque
259 1359 387 1391 tamen
418 1368 463 1391 ex
488 1357 596 1391 unius
629 1368 723 1400 quae
750 1357 897 1402 integra
924 1359 1090 1402 superest
1116 1357 1265 1391 litterae
1291 1358 1307 1391 Ι
1333 1357 1451 1391 forma

109 1406 252 1438 certum
278 1404 323 1438 de
349 1403 492 1448 origine
518 1403 699 1438 iudicium
729 1415 954 1448 quemquam
984 1404 1106 1438 facere
1132 1415 1239 1448 posse
1267 1404 1448 1439 existimo.

109 1451 258 1485 litterae
284 1451 404 1485 bonae
431 1453 527 1495 sunt,
558 1451 623 1485 sed
648 1451 807 1485 maiores
834 1463 946 1494 quam
971 1451 1010 1485 in
1035 1451 1188 1494 reliquis
1214 1451 1450 1485 Damasianis

108 1498 396 1542 conspiciuntur.
447 1498 576 1542 itaque
615 1498 759 1532 cautius
796 1498 947 1533 interim
977 1509 1125 1533 carmen
1161 1498 1259 1532 inter
1293 1499 1451 1542 pseudo-

109 1545 327 1580 damasiana
352 1544 520 1589 reiciam,
547 1545 638 1579 item
664 1547 705 1579 ut
730 1545 934 1580 Buecheler
959 1545 1069 1580 Anth.
1098 1556 1153 1589 ep.
1181 1557 1214 1579 n.
1241 1549 1318 1589 672,
1344 1556 1451 1590 prae-

109 1592 236 1627 sertim
256 1604 339 1626 cum
360 1592 457 1626 desit
476 1591 742 1636 testimonium,
763 1593 863 1636 quod
882 1592 1147 1637 grauissimum
1166 1592 1338 1636 equidem
1358 1595 1448 1636 puto

108 1650 199 1684 esse,
219 1650 353 1674 nomen
367 1639 539 1674 auctoris.
580 1639 625 1674 de
640 1639 725 1674 stilo
747 1639 837 1683 quid
851 1639 1010 1674 iudicari
1024 1639 1143 1684 possit
1159 1650 1244 1673 mox
1259 1640 1448 1674 adnotabo

204 1690 221 1720 1
250 1687 457 1731 Paulusque
481 1687 662 1721 Iohannes
693 1686 716 1721 i.
738 1698 767 1721 e.
794 1687 977 1721 Iohannes
1002 1686 1214 1730 Paulusque
1246 1686 1451 1721 insolenter
1489 1683 1493 1687 ’

109 1733 251 1768 dictum
287 1745 330 1768 ac
364 1734 427 1768 uix
461 1733 739 1768 Damasianum.
790 1735 968 1768 tumulum
1007 1735 1079 1768 duo
1116 1735 1265 1768 uomina
1302 1739 1448 1768 seruam

108 1780 205 1814 infra
230 1784 338 1824 87,1,
363 1785 485 1816 seouat
509 1780 584 1825 (uel
608 1783 745 1825 Seruus)
771 1783 834 1825 qui
858 1782 995 1816 altaria
1019 1781 1158 1816 Christi
1182 1781 1364 1815 Damasus
1394 1785 1444 1814 12.

107 1831 163 1862 31
191 1809 510 1862 52.’01”Ἀ10111111
536 1839 646 1862 carm.
673 1828 891 1862 LXXXVIII
912 1832 954 1862 16
981 1828 1051 1872 (ed.
1072 1827 1284 1862 Duemmler
1309 1840 1343 1872 p
1367 1832 1449 1871 311)

106 1875 288 1909 Iohannes
308 1875 448 1909 Paulus
463 1876 604 1919 φανεῖεν
624 1875 848 1910 Laurentius
873 1880 978 1919 atque
1002 1880 1210 1910 conseruent
1228 1887 1333 1910 urum
1358 1876 1452 1909 ham

107 1923 298 1956 miserante
323 1923 406 1964 deo,-
431 1923 489 1956 hic
514 1923 626 1957 leuita
646 1923 730 1966 fuit,
756 1923 814 1957 illi
831 1923 892 1957 sed
910 1923 1087 1967 sauyuine
1106 1924 1250 1965 ftaters
1275 1934 1354 1956 mu)
1357 1927 1415 1966 1⁴21)
1419 1933 1452 1955 ιο

108 1970 175 2003 toti
199 1980 310 2021 aegyna
336 1970 439 2003 beuta
464 1973 583 2004 teuent
703 1974 722 2003 2
749 1969 793 2004 cf.
822 1973 864 2003 52
898 1975 1021 2004 sancto
1048 1980 1118 2013 pro
1143 1970 1285 2003 uomina
1309 1980 1449 2013 passus

110 2015 204 2050 talia
230 2015 269 2049 in
294 2015 507 2050 christianis
535 2015 700 2060 saepius,
734 2016 773 2050 in
804 2016 915 2050 titulo
941 2015 1202 2059 Tarquiniensi
1228 2015 1322 2050 Bull.
1351 2015 1448 2049 crist.

113 2066 203 2096 1874
227 2075 262 2107 p.
289 2066 334 2096 94
358 2074 432 2097 non
457 2064 586 2098 obeunt
610 2064 672 2097 isti
692 2065 796 2107 passi
815 2075 885 2108 pro
910 2064 1052 2098 nomine
1080 2064 1234 2105 Christi,
1260 2062 1299 2096 in
1324 2062 1449 2096 codice

110 2109 283 2144 Palatino
310 2110 409 2154 apud
435 2109 607 2143 Rossium
632 2109 731 2145 IChr.
759 2111 793 2144 II
818 2122 853 2155 p.
882 2115 965 2153 113,
994 2114 1035 2144 79
1067 2112 1124 2153 (ε
1152 2109 1253 2144 Grut.
1283 2113 1388 2151 1175,
1418 2112 1450 2146 7)

105 2168 175 2201 pro
205 2157 343 2191 Christi
372 2158 515 2191 nomine
542 2168 674 2200 passus
704 2158 793 2200 obit,
824 2158 864 2191 in
895 2157 970 2192 alio
1002 2157 1129 2191 codice
1162 2157 1260 2200 apud
1292 2156 1450 2190 eundem

109 2215 144 2247 p.
171 2207 273 2248 258‚5
306 2205 363 2239 deri
392 2215 522 2249 muyno
549 2215 619 2248 pro
648 2205 792 2239 momine
816 2206 919 2249 passi
1061 2208 1081 2237 3
1110 2214 1289 2248 purporffl
1323 2202 1447 2236 codex.

110 2249 155 2284 cf.
170 2254 214 2284 49
233 2252 411 2297 sanquine
425 2262 611 2295 purpureo
630 2253 785 2295 sequeris
802 2252 1009 2297 Hyacinthe
1024 2252 1199 2295 probatus
1219 2261 1301 2283 cum
1321 2249 1446 2282 adnot.

108 2299 276 2342 praemia
300 2299 399 2333 uitae
426 2297 594 2332 clausula
619 2297 773 2332 Damasi
799 2301 844 2343 (2⁷
867 2303 919 2333 12.
950 2303 1003 2342 13,
1025 2300 1059 2342 8)
1086 2297 1314 2339 aliorumque
