1636 2593
178 97 230 137 16
561 95 745 130 DAMASI
770 95 1129 131 EPIGRAMMATA

173 203 247 237 sius
263 214 411 237 carmen
424 201 646 237 retractauit
659 201 753 236 Bull.
770 201 868 237 crist.
886 205 1117 237 1888—1889
1131 214 1164 247 p.
1180 206 1360 238 146—151
1377 205 1453 240 tab.
1465 205 1516 239 IX

169 250 269 294 (inde
285 249 445 294 Wilpert
463 249 533 284 Die
552 249 846 294 gottgeweihten
865 249 1096 294 Jungfrauen
1115 249 1154 283 in
1175 250 1246 285 den
1266 254 1388 286 ersten
1408 252 1514 287 Jahr-

170 298 378 331 hunderten
405 297 470 331 der
494 296 640 340 Kirche,
667 296 834 341 Friburg.
862 296 954 331 Bris.
979 300 1079 340 1892,
1105 309 1139 342 p.
1164 300 1205 331 77
1232 298 1308 333 tab.
1332 299 1383 333 IV
1402 304 1441 343 43
1468 300 1513 335 cf.

170 345 285 379 etiam
303 344 353 379 Le
367 343 480 378 Blant
495 343 666 388 Comptes
686 344 821 378 rendus
843 344 888 379 de
908 344 1039 378 l'acad.
1062 344 1126 378 des
1146 344 1253 380 inser.
1275 350 1307 380 4.
1329 357 1396 381 ser.
1413 347 1515 381 XVII

169 405 203 436 p.
225 395 291 426 437
309 394 386 435 sq.)
433 403 454 425 a
476 390 632 425 Grutero
652 391 816 435 pendent
836 391 1013 426 editores:
1041 391 1220 426 Baronius
1242 404 1273 427 a.
1295 397 1380 438 384,
1409 393 1514 429 Sara-

174 438 257 473 zani
283 451 316 473 n.
339 442 394 482 28,
421 438 578 472 Riuinus
604 450 638 472 n.
660 442 716 483 33,
742 439 918 473 Merenda
942 451 975 473 n.
998 442 1039 472 31
1063 438 1200 483 aliique
1227 442 1273 484 (u.
1294 440 1390 476 Bull.
1413 441 1511 476 crist.

168 486 190 521 l.
213 497 241 521 c.
269 498 302 531 p.
328 488 418 529 148).
470 485 513 520 cf.
541 486 650 520 Perez
676 497 710 530 p.
736 489 779 520 48
795 498 884 530 sqq.,
918 485 1071 531 Biraghi
1096 486 1257 531 Epitafio
1291 487 1328 521 di
1355 500 1381 523 s.
1408 488 1512 523 Irene

167 533 319 578 vergine
351 532 514 577 (Mediol.
544 535 665 577 1870),
700 533 810 578 Piper
842 533 1017 568 Zeitschr.
1045 533 1068 568 f.
1095 533 1471 579 Kirchengeschichte
1496 536 1513 570 Ι

170 584 259 615 1877
282 593 316 625 p.
343 584 420 624 220,
447 580 599 625 Langen
619 579 840 615 Geschjchte
868 581 900 615 d.
922 591 1032 615 roem.
1054 580 1189 616 Kirche
1214 594 1248 626 p.
1270 586 1348 617 596.
1393 582 1512 618 forma

168 628 378 662 litterarum
410 627 611 672 fragmenti
644 639 726 662 cum
758 628 958 662 abhorreat
990 639 1011 662 a
1039 627 1150 663 solita
1174 628 1434 664 Philocaliana
1462 632 1510 675 (u.

167 675 371 719 imaginem
389 674 428 708 in
448 675 523 710 tab.
545 687 578 709 n.
601 675 675 719 HI),
702 675 854 709 Rossius
875 675 985 720 longe
1006 677 1207 719 antequam
1227 676 1352 711 sedem
1371 677 1511 722 episco-

166 722 291 767 palem
329 722 547 757 ascenderet
578 722 781 765 Damasus,
819 722 972 757 titulum
1008 722 1168 757 incisum
1205 733 1284 758 esse
1323 724 1512 759 concludit

166 770 298 814 (Roma
324 772 409 804 sott.
436 770 487 803 ΙΠ
518 782 552 814 p.
581 773 658 804 241.
695 769 790 804 Bull.
818 769 916 804 crist.
951 769 974 804 l.
1003 781 1031 804 e.
1065 782 1098 814 p.
1128 774 1194 804 152
1210 782 1261 814 sq.
1313 771 1356 806 cf.
1384 772 1509 807 Roem.

167 816 418 859 Quartalschr.
446 817 496 850 IV
521 829 554 861 p.
577 820 656 851 287.
695 816 787 851 Mus.
816 817 932 851 Rhen.
959 817 987 850 L
1013 829 1046 861 p.
1080 821 1170 861 199).
1221 819 1306 852 acta
1334 818 1456 854 Irenes
1489 830 1511 854 a

165 864 329 899 Iohanne
356 864 509 898 Tamaio
543 864 587 898 de
621 863 772 898 Salazar
798 866 844 908 (u.
875 863 1087 899 CGIoecher
1114 864 1510 901 Gelehrten-Lexikon

166 911 218 946 IV
236 924 270 956 p.
287 914 369 953 994)
388 912 549 956 primum
569 910 670 945 edita
690 911 799 955 (Acta
820 911 879 946 SS.
901 912 951 945 ΙΠ
970 911 1075 946 Febr.
1096 924 1130 956 p.
1150 915 1219 946 244
1233 914 1300 956 sq.)
1321 912 1370 947 ad
1389 913 1511 958 ipsum

165 958 328 1003 elogium
354 958 621 993 Damasianum
647 958 875 993 confidenter
906 958 992 993 ficta
1019 970 1098 993 esse
1130 959 1249 1003 primo
1276 960 1410 995 obtutu
1447 971 1511 1005 ap-

164 1008 281 1051 paret,
309 1008 348 1040 ut
375 1006 465 1040 fides
493 1005 545 1040 eis
571 1005 702 1040 haberi
727 1005 846 1050 possit
871 1005 985 1040 nulla.
1033 1018 1120 1040 usus
1142 1008 1267 1040 autem
1287 1009 1344 1041 cst
1369 1009 1509 1052 auctor,

165 1053 228 1097 qui
248 1053 378 1087 Irenen
401 1053 463 1087 ‘ad
482 1053 672 1087 bissenum
691 1053 931 1097 pontificatus
951 1053 1104 1087 Damasi
1125 1054 1278 1088 annum'
1301 1054 1324 1088 i.
1341 1065 1370 1089 e.
1393 1065 1424 1089 a.
1441 1058 1509 1089 379

166 1100 366 1135 decessisse
393 1100 521 1144 tradit,
549 1099 717 1144 exemplo
746 1099 968 1134 Gruteriano

260 1164 276 1193 1
306 1159 395 1193 Ven.
423 1159 520 1193 Fort.
548 1158 609 1202 IV,
638 1162 668 1201 7,
697 1162 716 1192 9
743 1169 816 1193 ecce
841 1160 905 1194 sub
931 1159 994 1193 hoc
1020 1159 1157 1193 turnmlo
1178 1160 1328 1203 pietatis
1353 1161 1509 1196 membra

164 1208 366 1252 quies-cmm,
399 1205 537 1240 similia
567 1205 607 1239 in
633 1205 902 1250 sepulcralibus
928 1205 1069 1250 passim
1189 1210 1208 1239 2
1234 1207 1356 1242 irenae
1381 1207 1507 1242 codeX.

162 1265 290 1289 nomen
314 1255 346 1288 323
370 1254 513 1298 qzcaerz's
538 1252 633 1287 talia
652 1252 692 1286 in
712 1252 981 1297 sepulcralibus
1002 1252 1103 1297 trita,
1130 1252 1234 1287 uelut
1255 1252 1327 1288 CIL
1353 1254 1422 1288 XII
1441 1258 1508 1288 533

164 1312 289 1337 nomen
314 1302 346 1336 εἰ
371 1301 513 1346 quaeris
540 1301 667 1335 titulus
692 1301 759 1335 tibi
784 1312 871 1335 uera
896 1302 1040 1343 fatetur.
1093 1299 1137 1334 cf.
1167 1304 1227 1344 12,
1253 1305 1270 1334 1
1298 1302 1442 1345 quaeris
1465 1303 1509 1344 si,

164 1353 218 1392 26,
236 1353 255 1382 2
276 1349 424 1383 nomina
443 1349 589 1393 quisque
611 1377 616 1382 .
635 1377 640 1383 .
657 1375 664 1381 .
686 1348 848 1392 requiri-53
876 1347 944 1382 34*
963 1349 1081 1382 uitam
1098 1349 1130 1382 si
1150 1349 1293 1392 qnaeris
1378 1351 1398 1382 3
1425 1349 1511 1383 dum

164 1397 243 1430 uita
269 1397 435 1431 manebat
461 1394 629 1429 clausula
654 1394 872 1439 Vergiliana
899 1395 988 1429 Aen.
1010 1394 1042 1428 V
1064 1398 1130 1428 724
1165 1395 1212 1428 VI
1239 1398 1316 1429 608.
1346 1399 1430 1439 661,
1462 1395 1506 1430 cf.

163 1443 196 1476 X
222 1447 289 1478 628
325 1444 383 1486 (si)
409 1443 490 1477 uita
515 1447 681 1477 maneret.
733 1442 806 1476 CIL
832 1442 917 1476 VIH
942 1441 1061 1486 suppl.
1091 1445 1214 1476 16463.
1246 1441 1296 1475 IX
1320 1445 1412 1477 4796
1439 1444 1506 1477 cet.

164 1490 261 1524 infra
287 1491 356 1524 33*
383 1502 463 1525 cum
484 1519 489 1524 .
508 1519 513 1524 .
531 1519 536 1524 .
558 1491 638 1524 uita
663 1493 820 1524 maneret
919 1492 941 1522 4
967 1489 1011 1523 cf.
1037 1493 1113 1532 12,9
1139 1490 1345 1534 uiryinemn
1366 1516 1373 1523 .
1391 1517 1397 1523 .
1414 1518 1420 1523 .
1437 1501 1506 1534 pu-

163 1539 282 1573 dorem
402 1541 421 1571 5
455 1536 498 1571 cf.
526 1540 570 1570 27
603 1538 657 1571 bis
686 1538 764 1571 seni
787 1537 962 1571 transiere
987 1537 1076 1579 dies,
1108 1536 1212 1579 Verg.
1240 1534 1314 1570 Eel,
1344 1536 1360 1570 Ι
1386 1539 1429 1569 43
1456 1538 1509 1572 bis

162 1596 264 1620 senos
295 1585 355 1619 cui
386 1589 510 1619 nostra
541 1585 615 1618 dies
646 1584 782 1618 altaria
812 1584 974 1626 fumant,
1007 1582 1069 1617 Sil.
1096 1583 1139 1617 It.
1169 1582 1220 1616 HI
1248 1587 1291 1617 67
1325 1584 1378 1617 bis
1407 1594 1508 1619 senos

163 1633 271 1666 lunae
296 1631 457 1666 nondum
482 1632 719 1675 compleuerat
743 1631 858 1672 orbes3
889 1629 985 1663 infra
1013 1633 1054 1664 76
1082 1629 1249 1664 imitator
1275 1629 1427 1664 Damasi
1453 1632 1508 1666 bis

162 1680 342 1714 duodenos
367 1679 517 1713 necdum
542 1678 778 1721 compleuerat
797 1688 921 1712 annos.
967 1676 1059 1711 dicit
1079 1679 1204 1711 autem
1223 1676 1406 1711 Damasus
1430 1689 1504 1712 non

162 1725 296 1761 aetatis
336 1737 474 1759 annum
510 1736 582 1768 quo
621 1725 724 1765 Irene
757 1723 931 1767 decessit,
971 1724 1035 1758 sed
1070 1735 1142 1767 quo
1174 1735 1240 1768 per
1271 1723 1503 1769 uirginitatis

160 1775 290 1807 uotum
317 1772 461 1807 Christo
494 1782 531 1806 se
565 1771 756 1806 dicauerat
788 1771 911 1815 (Perez
945 1783 977 1815 p.
1006 1773 1063 1814 51)
1179 1776 1198 1805 6
1221 1777 1437 1816 precesserat
1461 1772 1500 1815 L,

157 1824 401 1866 praeyesserat
438 1819 607 1863 Biraghi,
646 1829 755 1862 quem
793 1818 910 1853 secuti
951 1820 1035 1852 sunt
1068 1818 1219 1852 Rossius
1259 1819 1296 1852 et
1327 1818 1499 1863 Wilpert.

161 1867 298 1902 codicis
319 1866 430 1901 lectio
446 1866 576 1901 uerior.
615 1866 790 1900 mendum
810 1865 1002 1900 sustulisse
1022 1865 1114 1899 mihi
1134 1865 1284 1900 uidetur
1297 1865 1500 1900 Buecheler

159 1916 254 1950 altae
279 1914 442 1949 scribens
468 1924 533 1958 pro
560 1918 673 1955 aetas,
705 1913 804 1957 quod
837 1912 1060 1947 uocabulum
1091 1912 1202 1947 facile
1234 1923 1277 1947 ex
1309 1912 1496 1957 superiore

160 1973 268 1996 uersu
301 1962 466 2006 inrepere
498 1960 637 2005 potuit:
673 1961 826 2006 eyreqios
861 1971 972 1995 mores
1003 1961 1101 1995 uz'tae
1133 1965 1373 2005 praecesserat
1404 1961 1500 1995 cellae

154 2010 380 2054 propositum
412 2009 537 2043 mentis
574 2007 631 2052 (cf.
658 2008 766 2051 Vei-g.
800 2007 888 2042 Aen.
922 2008 937 2041 Ι
969 2011 1012 2041 26
1046 2008 1123 2042 alta
1152 2012 1264 2042 mente
1294 2009 1496 2051 repostum),

156 2057 274 2101 pietas
299 2056 509 2091 ueneranda
536 2056 678 2100 puellae
710 2055 916 2100 mafflzzssftcos
946 2055 1087 2097 fructus
1118 2055 1264 2090 dederat
1294 2055 1500 2089 melioribus

159 2105 269 2139 annis
364 2107 384 2137 8
411 2104 614 2138 melioribus
639 2103 747 2137 annis
771 2102 794 2136 i.
816 2112 845 2136 e.
873 2103 997 2136 aetate
1024 2101 1186 2144 florente,
1214 2100 1257 2135 cf.
1277 2100 1384 2145 Verg.
1406 2101 1495 2136 Aen.

160 2151 297 2186 V1649
324 2151 406 2185 nati
429 2151 633 2185 melioribus
658 2150 776 2184 annis.
821 2151 905 2193 post
931 2149 1027 2183 hunc
1054 2159 1200 2183 uersum
1226 2148 1398 2182 lacunam
1424 2149 1499 2182 sta-

161 2197 234 2232 tuit
253 2197 415 2242 ‘Wilpert
440 2197 462 2231 l.
478 2208 495 2231 c
527 2209 560 2241 p.
579 2201 621 2231 77
719 2200 738 2230 9
764 2197 849 2231 haec
874 2207 938 2241 pro
965 2201 997 2231 te
1022 2195 1192 2230 Perezius
1218 2194 1372 2238 mauult,
1399 2207 1497 2230 nunc

160 2256 225 2289 pro
246 2251 332 2280 tame
351 2244 528 2279 Gruterus
555 2243 674 2279 edidit
700 2245 737 2278 et
762 2243 826 2287 qui
846 2254 929 2278 eum
949 2243 1067 2278 secuti
1087 2244 1173 2277 sunt
1192 2242 1300 2286 (Acta
1320 2241 1379 2276 SS.
1402 2241 1424 2276 1.
1445 2244 1500 2287 (5.).

160 2294 257 2327 testis
283 2293 416 2328 amoris
441 2291 463 2326 i.
485 2302 514 2326 e.
542 2291 663 2325 iudice
685 2290 825 2333 Rossio,
854 2291 912 2325 cui
933 2289 1185 2335 adstipulatur
1204 2288 1398 2324 Duchesne
1418 2289 1498 2324 Lib.

162 2339 292 2384 pontif.
321 2340 335 2373 Ι
366 2352 398 2384 p.
426 2342 509 2383 215,
542 2341 661 2373 mater
694 2337 884 2382 defuncta,
924 2348 1018 2381 quae
1050 2337 1208 2372 moriens
1241 2338 1332 2381 (cum
1362 2337 1502 2383 sufferet

1631 2313 1636 2359 i
