1636 2593
186 150 270 191 102
622 149 1101 184 PSEVDODAMASIANA

279 261 298 290 2
331 268 374 292 ac
405 269 534 301 corpus
566 256 669 290 Grut.
793 260 813 289 3
854 257 1000 292 uindice
1033 268 1151 301 poena
1190 257 1359 291 clausula
1393 256 1533 292 Catulli

185 308 239 348 64,
263 308 340 348 192,
367 304 412 338 cf.
441 303 549 338 Ouid.
576 303 663 337 Met.
692 304 705 337 1
734 307 801 337 230
826 304 972 339 uindice
997 306 1159 348 flamma,
1192 304 1338 339 Petron.
1367 306 1436 339 sat.
1466 308 1532 339 119

183 364 216 385 u.
241 356 284 385 50
310 353 387 387 sine
414 352 558 386 uindice
581 352 719 395 praeda

303 577 506 632 Quisquis
537 578 662 632 plena
695 577 772 619 deo
805 578 1008 631 mysteria
1039 581 1180 619 mente
1212 579 1410 633 requiris,

395 648 478 689 huc
509 648 674 703 accede,
708 648 857 689 domus
889 648 1089 704 religiosa
1119 651 1247 703 patet.

303 719 406 761 haec
438 722 537 761 sunt
569 722 680 761 tecta
710 720 782 774 pio
815 734 980 774 semper
1012 720 1165 761 deuota
1197 720 1342 762 timori

397 791 674 845 auditumque
707 790 808 831 deus
841 791 1083 832 commodat
1114 791 1184 831 hic
1214 791 1422 846 precibus.

236 874 255 903 5
303 876 403 918 ergo
437 862 627 903 letiferos
658 876 840 916 propera
872 876 1121 916 conpescere
1154 876 1317 916 sensus,

395 934 480 974 iam
511 947 692 987 propera
724 947 862 973 sacras
894 932 1030 973 laetus
1062 933 1177 973 adire
1210 934 1340 987 iores,

300 1006 349 1044 ut
380 1007 593 1045 transacta
626 1018 754 1059 queas
788 1004 995 1058 deponere
1028 1004 1206 1044 crimina
1238 1004 1351 1044 uitae

395 1078 437 1116 et
469 1074 673 1129 quicquid
703 1075 910 1116 scelerum
940 1075 1094 1116 noxius
1127 1089 1243 1115 error
1275 1073 1416 1115 habet.

304 1144 445 1185 Attica
478 1144 631 1185 Felicis
662 1144 809 1200 Magni
842 1144 1076 1185 clarissima
1108 1144 1293 1185 coniunx

211 1228 254 1258 10
394 1215 636 1269 sumptibus
667 1215 748 1256 hoc
779 1215 964 1270 propriis
996 1215 1237 1256 aedificauit
1269 1230 1387 1269 opus.

275 1320 362 1354 Fuit
387 1320 426 1354 111
446 1320 604 1355 ecclesia
625 1332 651 1354 s.
673 1320 865 1355 Laurentii
885 1320 923 1354 in
943 1320 1104 1354 Damaso
1131 1321 1227 1354 teste
1247 1320 1375 1355 codice
1394 1320 1434 1363 L,
1461 1321 1526 1364 qui

181 1368 280 1402 solus
308 1367 483 1402 seruauit.
535 1367 678 1402 Gruter.
704 1372 805 1411 1164,
827 1371 882 1411 13,
909 1366 1090 1402 Marinius
1117 1378 1174 1412 ap.
1200 1367 1278 1402 Mai
1304 1367 1378 1402 Ser.
1399 1369 1473 1402 uet.
1495 1367 1528 1401 V

179 1428 214 1460 p.
238 1419 315 1458 136,
339 1419 375 1458 1,
402 1415 511 1449 Rossi
535 1414 635 1449 IChr.
663 1415 696 1449 Π
722 1427 755 1460 p.
780 1419 843 1450 151
872 1428 906 1450 11,
929 1419 983 1449 25.
1035 1426 1118 1448 cum
1145 1414 1366 1449 Sarazanius
1396 1417 1444 1459 (n.
1468 1417 1526 1460 20)

181 1463 338 1497 adnotet
363 1462 529 1497 Atticam
561 1474 713 1497 uxorem
744 1462 858 1497 fuisse
888 1462 1024 1497 Felicis
1050 1462 1179 1506 Magni
1211 1462 1410 1496 clarissimi
1443 1462 1526 1506 uiri,

182 1510 229 1544 ad
256 1521 367 1553 quem
388 1509 561 1544 Sidonius
583 1509 810 1554 Apollinaris
838 1521 986 1544 carmen
1010 1509 1159 1554 scripsit
1179 1509 1228 1543 IX
1249 1509 1306 1554 (cf.
1323 1509 1441 1543 XXIV
1457 1512 1526 1554 91),

180 1569 311 1602 parum
338 1557 534 1602 intellego,
568 1569 632 1591 cur
656 1557 726 1591 hoc
753 1569 901 1592 carmen
933 1557 971 1590 in
997 1556 1308 1591 Damasianorum
1333 1567 1527 1591 numerum

181 1604 364 1648 receperit
390 1604 447 1648 (cf.
476 1605 591 1639 etiam
616 1605 749 1639 Bar-ou.
772 1606 864 1639 Anu.
887 1616 919 1638 a.
941 1606 1022 1647 384)

278 1656 295 1685 1
323 1653 475 1696 ‘rz'qm'ms
500 1652 615 1686 codex
688 1657 719 1686 5.
743 1656 760 1685 7
790 1653 968 1695 laetifer-os
993 1653 1031 1685 et
1056 1663 1188 1695 quaem·
1214 1651 1339 1685 rodeX.
1379 1650 1424 1685 cs.
1446 1655 1526 1694 68,4

180 1700 351 1733 domuisti-
372 1700 527 1733 erimina
547 1700 645 1733 uitae
719 1704 750 1733 9.
768 1704 810 1732 10
830 1698 874 1733 cf.
895 1698 1146 1742 fragmentum
1167 1702 1209 1731 94
1285 1702 1329 1732 10
1355 1697 1394 1732 in
1414 1697 1525 1733 titulo

181 1745 289 1779 Siluii
321 1746 529 1790 presbyteri
563 1746 635 1780 CIL
668 1746 699 1779 V
723 1750 812 1780 6817
847 1745 968 1790 (110881
1000 1744 1100 1780 IChr.
1133 1745 1166 1779 ΙΙ
1199 1758 1232 1789 p.
1264 1750 1346 1788 173,
1373 1747 1431 1789 36)
1463 1747 1526 1781 hoe

175 1795 327 1838 proprio
352 1798 497 1837 sumptu
524 1795 652 1827 (liw’vo
680 1806 820 1828 munere
846 1795 978 1837 (limans
1004 1794 1210 1835 aedificavit
1239 1805 1327 1837 opus

815 1937 897 1978 104

268 2031 460 2073 Antistes
492 2031 700 2072 Damasus
731 2032 920 2085 picturae
954 2034 1126 2072 ornarat
1157 2031 1316 2072 honore

358 2105 485 2157 tecta,
519 2102 673 2156 quibus
705 2117 815 2143 1111110
849 2103 949 2143 dant
981 2102 1158 2157 pulchra
1190 2102 1361 2143 metalla
1386 2102 1523 2143 decus.

271 2174 402 2215 diuite
434 2176 615 2214 testatur
647 2174 873 2227 pretiosior
905 2174 999 2214 aula
1030 2174 1186 2226 nitore,

359 2260 464 2299 quos
496 2259 636 2285 rerum
669 2245 842 2285 effectus
874 2244 1009 2298 possit
1039 2243 1194 2284 habere
1226 2243 1339 2284 fides.

203 2327 224 2355 5
269 2330 402 2370 papae
435 2314 571 2356 Hilari
606 2315 768 2355 meritis
801 2315 901 2355 olim
936 2315 1089 2355 deuota
1122 2313 1267 2354 Seueri

357 2400 432 2427 1100
464 2401 549 2426 11011
583 2385 748 2426 Cassiae
782 2400 899 2426 mens
932 2384 1046 2426 dedit
1078 2385 1159 2426 ista
1191 2384 1278 2425 deo.
