1636 2593
175 120 200 158 (5
561 117 746 152 DAMASI
771 116 1127 152 EPIGRAMMATA

172 226 313 260 cialiter
332 226 408 259 otiis
431 236 455 268 p
475 223 514 258 in
533 234 615 267 ras„
636 225 832 259 beatissime
851 225 972 259 doctor
990 223 1124 267 reliqui
1150 222 1208 268 (cf.
1229 223 1409 258 Melchior
1428 222 1514 258 Gol-

176 272 304 306 dastus
324 271 363 305 in
382 271 480 305 notis
501 271 549 305 acl
571 270 836 306 Columbanum
854 283 888 316 p.
906 275 984 314 117,
1003 270 1328 305 Paraeneticorum
1347 272 1516 306 ueterum

175 319 213 353 P.
230 320 258 363 Ι)
278 322 289 362 ΙΙ
309 322 353 354 26
369 319 484 354 Paule
503 318 558 353 ita
578 320 676 353 recte
692 318 779 353 0¹03
792 318 870 353 cod.
886 317 1080 352 vindocin.
1095 317 1212 352 Aldus
1225 317 1382 362 Fabric.‚
1395 323 1516 354 sancte

172 366 308 410 reliqui
336 368 340 411 Ι
372 367 595 401 damasetuos
620 378 643 410 p
672 367 676 410 Ι
704 367 822 401 ‘uoluit
852 365 937 409 qf‘2t
962 365 1154 399 Browerus
1179 366 1190 410 ΙΙ
1216 366 1353 400 subscr.
1379 366 1516 409 finiwnt

172 425 299 448 uersus
324 414 481 448 Damasi
504 414 662 458 episcopi
686 414 786 449 urbis
810 413 947 448 Romae
972 413 1175 457 Browerus‚
1202 412 1269 447 alii
1293 412 1404 448 aliter

268 473 326 507 Ad
340 485 373 507 u.
391 477 407 507 1
425 477 618 518 praecepta
637 477 777 508 secutus
796 472 963 507 clausula
982 471 1202 516 Vergiliana
1221 471 1365 517 (Georg.
1382 472 1434 506 IV
1447 475 1515 506 447

174 521 275 555 deum
305 525 500 565 praecepta
530 521 655 565 secuti)
686 519 784 555 redit
816 531 849 554 u.
878 523 914 563 9,
955 519 999 554 cf,
1026 531 1079 554 nr.
1110 519 1178 553 20*
1210 520 1295 565 Iegis
1322 523 1516 564 praecepta

172 573 329 611 secutus,
359 571 400 602 77
432 568 566 603 Christi
586 572 777 612 praecepta
802 568 929 610 secuti,
954 566 1098 601 Paulin.
1119 566 1202 602 Nol.
1222 566 1290 600 XV
1310 570 1352 601 61
1380 567 1519 602 domini

170 620 366 660 praecepta
390 619 529 650 secutus
635 619 654 649 2
682 614 913 660 comparauit
939 613 1160 648 Sarazanius
1186 614 1309 649 locum
1332 613 1438 658 epist.
1467 613 1516 648 ad

175 662 331 697 Galatas
357 663 373 696 Ι
400 665 442 696 13
459 674 510 706 sq.
538 663 693 698 audistis
725 664 820 697 enim
844 663 1149 697 conzaersationem
1173 673 1287 697 meam
1317 662 1516 706 aliquando

173 711 214 744 in
240 711 437 752 iudaismo,
469 711 639 755 quoniam
669 721 782 754 supra
813 710 955 744 modum
982 710 1219 754 persequebar
1250 710 1431 744 ecclesiam
1459 709 1517 743 dei

173 762 206 792 et
231 759 481 803 coepwnabam
508 758 627 801 illam,
660 762 692 792 et
713 758 943 801 proficiebam
976 757 1015 790 ‘in
1041 757 1222 791 iudaismo
1250 767 1364 801 supra
1388 756 1518 791 multos

173 810 381 840 coaetaneos
405 815 497 840 meos
530 806 569 839 in
593 816 717 850 yenere
742 816 833 847 ineo,
864 805 1115 839 abamlcmtius
1139 804 1339 839 aemulator
1363 804 1518 838 existens

169 856 406 896 paternarum
445 864 605 888 mearum
643 853 892 887 traditionum.
943 850 987 885 cf.
1026 852 1107 885 Act.
1142 852 1260 895 apost.
1298 850 1384 884 VIII
1415 854 1435 884 3
1480 851 1518 884 et

173 898 293 933 XXVI
314 903 333 933 9
348 911 426 943 sqq.
546 903 566 934 5
593 899 636 933 cf.
663 903 708 933 46
734 911 809 934 cum
839 900 972 933 lacerat
992 900 1061 942 pia
1086 899 1253 941 membra,
1279 897 1348 932 28*
1372 901 1518 932 sanctae

172 958 316 982 seruare
346 948 489 990 foedera
522 948 658 990 matris,
693 950 734 980 13
760 947 869 981 secuit
894 947 961 989 pia
988 947 1128 981 uiscera
1153 946 1280 980 metiris
1306 946 1343 979 et
1370 943 1518 989 saepius

269 998 288 1028 6
314 994 465 1028 initium
490 994 587 1029 redit
613 993 652 1027 in
673 998 702 1028 9.
749 993 791 1028 cf.
817 992 938 1027 Sedul.
961 1003 1070 1027 carm.
1091 992 1217 1037 pasch.
1238 992 1271 1026 V
1292 995 1359 1026 237
1383 1003 1517 1027 merue-

171 1046 261 1076 runt
285 1053 426 1076 cernere
450 1043 593 1076 matam
677 1044 694 1074 7
717 1042 831 1085 possit
852 1041 940 1085 quid
957 1041 1075 1085 {floria
1097 1040 1231 1075 Christi
1255 1042 1276 1073 8
1362 1043 1382 1074 8
1407 1039 1516 1084 Verg.

173 1088 263 1123 Aen.
299 1088 331 1122 X
363 1091 430 1123 896
449 1100 500 1132 sq.
534 1094 574 1123 sut
606 1100 718 1123 (acras
748 1089 945 1132 suspiciens
977 1089 1099 1122 hausit
1132 1089 1269 1122 caelum
1302 1090 1519 1131 mentemque

172 1137 312 1180 recepit.
352 1135 396 1170 cf.
417 1136 497 1171 Act.
519 1137 637 1180 apost.
660 1135 709 1169 IX
730 1140 760 1169 3.
777 1138 798 1168 4
891 1138 910 1168 9
938 1134 1045 1169 Ouid.
1068 1135 1136 1169 Ars
1157 1146 1226 1169 am.
1248 1134 1300 1168 ΙΙΙ
1319 1137 1387 1168 370
1406 1145 1519 1168 mores

171 1184 406 1228 composuisse
430 1194 522 1218 suos.
574 1183 618 1217 de
646 1182 813 1216 clausula
839 1182 883 1216 cf.
912 1181 995 1216 adn.
1022 1182 1123 1216 adu.
1147 1186 1163 1216 1
1264 1186 1306 1216 10
1334 1181 1418 1216 Hor.
1441 1180 1516 1215 Sat.

173 1231 188 1264 Ι
215 1235 245 1275 1,
267 1234 310 1264 69
337 1235 474 1266 mutato
499 1232 641 1265 nomine
667 1231 708 1264 (Ie
735 1235 766 1264 ie
790 1230 920 1272 fabula
945 1234 1123 1264 'narratur
1244 1232 1284 1262 11
1312 1230 1406 1263 mira
1431 1229 1518 1272 fides

172 1289 310 1321 rerum,
345 1277 443 1312 redit
473 1277 633 1312 formula
665 1280 685 1311 8
712 1279 749 1311 et
774 1280 836 1320 46,
870 1276 913 1311 cf.
942 1276 1026 1311 adn.
1054 1279 1086 1320 8,
1107 1279 1138 1310 4.
1189 1275 1357 1310 clausula
1376 1274 1520 1320 Vergili

175 1330 277 1360 trans
298 1326 441 1360 aethera
460 1330 582 1361 uectae
602 1325 692 1359 Aen.
707 1324 775 1358 VH
790 1328 832 1358 65
931 1327 972 1358 12
994 1326 1162 1368 praemia
1180 1325 1279 1359 uitae
1301 1322 1400 1358 redit
1419 1322 1518 1357 clau-

174 1372 255 1407 sula
284 1375 325 1406 13
352 1374 389 1407 et
416 1375 459 1406 58
582 1376 624 1406 13
653 1372 697 1406 (le
724 1371 892 1405 clausula
917 1383 950 1405 u.
979 1371 1062 1406 adn.
1090 1375 1120 1415 1,
1140 1376 1162 1405 4
1261 1373 1304 1404 14
1329 1369 1432 1404 Paul.
1460 1380 1516 1414 ep.

174 1420 223 1454 ad
252 1419 330 1454 Cor.
363 1420 397 1454 II
424 1424 477 1464 12,
507 1423 526 1453 2
559 1421 631 1455 scio
656 1420 829 1454 hominem
856 1420 895 1453 in
924 1419 1068 1453 Christo
1095 1446 1102 1452 .
1125 1446 1131 1452 .
1154 1447 1160 1452 .
1183 1446 1190 1452 .
1216 1422 1363 1462 raptum
1392 1418 1516 1452 huius-

174 1468 271 1502 modi
304 1479 414 1512 usque
451 1468 500 1502 ad
530 1469 674 1502 tertiam
705 1468 856 1510 caelum,
898 1470 956 1509 12,
983 1469 1005 1499 4
1037 1467 1207 1511 quoniam
1238 1469 1368 1510 raptus
1398 1469 1448 1500 est
1477 1465 1517 1498 in

168 1516 395 1559 paradisum.
445 1515 554 1559 Verg.
582 1515 672 1548 Aen.
700 1514 749 1547 ΠΙ
778 1517 842 1547 117
874 1513 924 1546 XI
950 1517 1018 1546 210
1050 1515 1156 1548 tertia
1190 1514 1264 1547 luas.
1315 1511 1359 1546 cf.
1387 1514 1406 1545 9
1439 1516 1517 1556 post

173 1563 277 1597 tertia
306 1563 446 1596 {mizina
471 1563 556 1596 solis
654 1565 695 1595 15
722 1561 829 1605 Verg.
855 1560 944 1594 Aen.
972 1560 1040 1593 VII
1066 1563 1110 1593 90
1137 1560 1345 1604 fruiturque
1371 1559 1517 1594 deorum

172 1610 380 1653 conloquiis.
431 1609 612 1643 quencus
644 1608 660 1641 Ι
688 1611 757 1642 304
794 1609 912 1642 cordis
947 1611 1079 1641 secreta
1110 1611 1280 1641 reseruat.
1329 1605 1433 1640 Paul.
1467 1605 1517 1640 ad.

173 1656 252 1691 Cor.
274 1656 308 1690 ΙΙ
329 1660 382 1699 12,
403 1659 425 1689 4
451 1661 483 1690 ei
501 1656 648 1690 ccztcliait
667 1667 805 1689 arcana
824 1656 931 1690 uerba
959 1666 1048 1699 quae
1066 1665 1140 1688 non
1160 1655 1239 1689 lieet
1257 1654 1396 1688 homini
1416 1654 1514 1698 loqui

270 1707 312 1737 16
344 1703 481 1737 Paulus
503 1703 735 1747 praedicator
765 1707 798 1736 et
828 1703 1008 1746 apostolus
1039 1702 1160 1736 doctor
1183 1702 1342 1746 yentium
1374 1701 1415 1735 in
1446 1701 1517 1744 fide

173 1756 206 1786 et
230 1752 381 1786 'ueritate
406 1750 422 1784 I
448 1750 539 1784 Tim.
567 1753 604 1793 2,
628 1753 663 1793 7,
696 1749 740 1783 cf.
767 1749 801 1782 ΙΙ
823 1753 858 1792 1,
882 1753 934 1783 11.
968 1749 1048 1782 Aet..
1070 1748 1226 1792 apostol.
1248 1747 1367 1782 XXVI
1389 1751 1442 1782 17.
1471 1750 1513 1781 18

271 1802 313 1832 17
352 1799 463 1832 maris
493 1802 663 1842 temptare
693 1797 918 1841 profundum
951 1795 1057 1830 Ouid.
1090 1795 1173 1830 Hal.
1207 1798 1261 1830 84.
1311 1799 1514 1839 noctemque

173 1847 334 1890 diemque
353 1845 462 1889 Verg.
483 1845 572 1879 Aen.
598 1844 629 1878 V
652 1847 733 1887 766,
765 1848 949 1887 noctesque
975 1844 1117 1887 diesque
1141 1842 1226 1877 Hor.
1256 1842 1330 1877 Sat.
1357 1842 1373 1875 Ι
1400 1845 1436 1886 1,
1460 1845 1515 1885 76,

173 1892 269 1927 talia
294 1891 434 1936 passim
555 1895 597 1926 18
624 1890 855 1935 comparauit
881 1890 1101 1924 Sarazanjus
1127 1900 1274 1924 uersum
1294 1888 1425 1924 Horati
1448 1888 1514 1933 Ep.

175 1940 191 1973 Ι
222 1944 274 1983 17,
299 1943 340 1974 10
371 1951 434 1974 nee
465 1940 563 1974 uztaeit
592 1940 684 1974 male
716 1939 778 1983 qui
807 1942 917 1972 natus
941 1939 1161 1982 moriensque
1191 1937 1321 1980 fefellit
1353 1937 1391 1971 et
1421 1935 1518 1969 illud

176 1986 327 2031 Epicuri
352 1988 592 2031 praeceptum
617 1985 711 2020 λάθε
739 1985 883 2032 βιώσας,
909 1985 1009 2028 quod
1036 1984 1190 2019 Ouidius
1217 1983 1326 2018 Trist.
1348 1983 1450 2026 1114,
1471 1985 1516 2016 25

176 2034 229 2068 sie
250 2033 431 2078 expressit
449 2035 548 2069 crede
567 2034 666 2076 milm',
693 2034 776 2068 bene
801 2033 864 2077 qui
890 2033 1008 2074 latuit,
1035 2033 1118 2067 bene
1136 2033 1234 2066 uixit
1255 2031 1409 2075 (Vsener
1428 2029 1516 2074 Epi-

177 2092 286 2116 curea
306 2093 340 2125 p.
359 2083 441 2125 327)
532 2084 574 2114 19
601 2079 704 2114 Paul.
725 2091 779 2124 ep.
802 2079 849 2113 ad
870 2078 947 2113 Cor.
969 2079 1002 2113 Il
1025 2083 1078 2123 11,
1094 2082 1137 2113 23
1152 2090 1230 2122 sqq.
1274 2077 1318 2113 cf.
1339 2077 1513 2111 Dracont.

178 2128 302 2163 Satisf.
325 2131 391 2162 312
414 2129 575 2172 pristina
600 2128 787 2171 sufficiant
811 2127 960 2161 uerbera
984 2127 1109 2161 uincla
1127 2126 1240 2169 fames
1334 2128 1379 2159 20
1405 2123 1449 2158 cf.
1471 2126 1515 2157 32

175 2176 323 2211 uerbera
350 2176 532 2218 carnificis
556 2177 719 2219 flammas
742 2178 915 2209 tormenta
941 2178 1085 2209 catenas
1111 2184 1140 2207 e.
1162 2184 1195 2216 q.
1217 2184 1243 2207 s.
1294 2171 1393 2206 idem
1413 2181 1516 2206 exor-

179 2222 281 2256 dium
302 2226 390 2266 27,4
487 2226 529 2256 21
557 2222 636 2257 Act.
659 2223 776 2266 apost.
798 2232 876 2265 cap.
898 2224 952 2255 27.
974 2224 1029 2255 28.
1074 2220 1118 2255 cf.
1141 2219 1204 2254 Sil.
1225 2218 1306 2253 Ital.
1330 2218 1347 2252 I
1365 2221 1431 2252 411
1454 2229 1518 2253 nec

177 2281 251 2305 non
269 2274 459 2314 serpentem
480 2271 560 2305 diro
579 2280 766 2304 eaearmare
784 2279 918 2303 ueneno
994 2271 1037 2301 22
1058 2266 1195 2302 Paulus
1210 2266 1258 2301 ad
1273 2265 1394 2301 Galat.
1407 2265 1458 2299 VI
1473 2268 1515 2299 17

179 2317 309 2351 scribit
335 2328 395 2363 eqo
419 2318 589 2362 stiqmata
614 2317 752 2351 domini
776 2316 859 2350 Iesu
883 2316 1086 2360 incorpore
1110 2325 1183 2350 meo
1198 2317 1303 2358 porto
1400 2316 1444 2347 24
1470 2311 1515 2346 cf.

181 2368 235 2409 11,
252 2368 270 2398 2
293 2365 315 2410 [.
333 2394 339 2399 .
357 2393 362 2399 .
381 2393 385 2398 .
402 2364 537 2410 am]ore
557 2365 625 2407 clei,
645 2363 713 2398 28*
734 2363 887 2399 blandus
907 2374 1024 2398 amore
1043 2362 1101 2397 dei
1177 2364 1221 2396 26
1247 2372 1281 2395 u.
1303 2359 1386 2394 adn.
1417 2364 1446 2404 1,
1472 2361 1515 2392 17
