1636 2593
181 112 237 152 (58
616 107 1095 144 PSEVDODAMASIANA

826 241 881 283 65

724 333 787 368 DE
814 332 984 367 EODEM

305 418 401 460 Iure
440 419 531 473 pari
569 421 722 474 regnat
759 418 997 460 communis
1039 417 1233 459 eonditor
1270 415 1370 458 aeuI

308 490 365 531 Et
398 505 494 531 cum
525 492 645 544 patre
677 490 748 545 pia
780 492 930 545 regnat
962 488 1158 530 sublimis
1189 489 1234 530 in
1265 488 1394 542 areE,

307 560 479 603 Sidereo
548 561 705 602 sanctis
768 560 918 601 insidit
986 560 1159 601 numine
1220 558 1393 615 regniS3

305 632 427 673 Vnde
454 647 570 673 mare
596 634 638 673 et
664 635 798 673 terras
825 631 915 673 solo
943 629 1234 687 uidetfomnia
1259 630 1390 684 nutV‚

248 717 267 746 5
307 703 511 759 Suggerit
546 703 745 744 humanis
784 705 825 744 et
864 703 994 744 donat
1030 717 1206 743 munera
1237 700 1386 743 rebuS.

271 807 463 842 Fabricius
489 820 523 852 p.
548 811 625 842 774.
676 807 841 842 Maxima
867 806 958 842 bibl.
986 809 1081 851 patr.
1104 807 1137 840 V
1162 819 1197 851 p.
1226 810 1311 850 636,
1346 805 1522 840 Sarazani

179 869 213 891 n.
235 859 267 899 8,
293 855 452 890 Riuiuus
478 867 512 890 n.
534 858 566 899 4,
593 855 771 890 Merenda
796 867 830 889 n.
853 858 872 889 5

274 908 290 937 1
322 904 486 938 conditor
516 904 600 937 aem'
623 902 723 937 redit
748 901 916 936 clausula
943 905 987 935 68
1019 903 1067 946 (u.
1095 901 1195 946 adn.)
1316 904 1336 934 2
1361 901 1524 936 sublimis

177 952 219 985 in
243 962 324 986 arce
349 950 496 984 quenC.
523 950 574 984 ΠΙ
600 954 665 983 591
766 954 785 983 3
811 951 949 985 siderea
975 948 1133 983 Riuinus
1159 948 1198 982 in
1223 950 1346 992 textu,
1379 949 1526 984 sidereis

175 1003 300 1033 sancto
320 997 359 1031 in
378 997 476 1032 notis
496 997 692 1042 proposuit
765 1001 786 1031 4
813 996 920 1032 Ouid.
943 997 1030 1031 Met.
1051 997 1067 1030 I
1088 1000 1106 1030 5
1134 1001 1218 1031 ante
1237 1007 1335 1031 mare
1361 1001 1393 1031 et
1411 1000 1526 1032 terras

178 1050 211 1080 et
237 1047 332 1090 quod
356 1046 442 1090 teyit
467 1046 589 1080 onmia
614 1045 753 1081 eaelum

828 1165 882 1206 66

551 1257 614 1291 DE
641 1256 943 1292 ASCENSIONE
971 1255 1160 1292 CHRISTI

184 1342 252 1384 Ad
284 1343 426 1384 sedem
458 1343 676 1398 propriam
709 1343 811 1384 deus
843 1341 965 1383 exule
996 1344 1133 1383 morte
1165 1341 1367 1397 resurgit,

187 1416 236 1454 ut
267 1414 402 1455 uitam
436 1415 583 1455 doceat
614 1414 884 1455 credentibus
916 1427 1004 1454 esse
1038 1413 1239 1454 futuram.

187 1485 363 1541 angelus
394 1485 475 1526 hoo
507 1485 687 1526 uerbum
719 1485 873 1526 cecinit
911 1484 1025 1538 quod
1055 1486 1233 1538 uterque
1266 1485 1485 1538 reportans

187 1556 262 1596 ‘sie
294 1558 500 1597 uenturus
533 1556 641 1611 erit',
673 1556 733 1597 sio
767 1554 984 1597 Christum
1017 1555 1184 1596 eredere
1216 1554 1279 1595 fas
1311 1556 1384 1595 est.

280 1659 473 1694 Fabricius
499 1672 532 1704 p.
561 1663 637 1694 774.
688 1658 853 1693 Maxima.
878 1658 969 1693 bibl.
996 1660 1090 1703 patr.
1113 1658 1145 1692 V
1170 1671 1204 1703 p.
1232 1662 1318 1702 636,
1352 1656 1530 1692 Sarazani

186 1720 219 1742 n.
244 1710 297 1750 10,
325 1706 481 1741 Riuinus
507 1719 541 1741 n.
564 1711 597 1750 6,
622 1706 801 1741 Merenda
827 1718 861 1740 n.
884 1710 903 1739 3

282 1758 301 1788 2
326 1754 382 1788 ita
408 1765 446 1788 se
472 1753 690 1788 emendasse
711 1752 932 1788 Sarazanius
959 1752 1024 1796 ait,
1052 1764 1135 1787 cum
1160 1754 1272 1787 antea
1293 1751 1409 1796 (ubi‘?)
1430 1751 1529 1797 lege-

185 1803 287 1836 retur
311 1803 361 1836 acl
379 1802 496 1836 uitam
515 1803 638 1837 doceat
662 1802 886 1836 credentibus
905 1812 975 1835 esse
993 1801 1160 1843 futurum
1247 1804 1268 1834 3
1293 1801 1357 1835 hoe
1382 1800 1530 1834 uerbum

186 1849 293 1883 Fabr.
321 1848 513 1893 (Gallandi
538 1849 588 1883 VI
615 1861 648 1893 p.
677 1850 776 1892 345),
807 1849 892 1883 haec
922 1849 1033 1882 uerba
1067 1847 1244 1882 Sarazani
1276 1848 1313 1882 et
1341 1846 1530 1888 Merenda,

183 1898 246 1931 hoc·
265 1908 391 1931 ‘acervom
410 1896 503 1931 coni.
526 1896 694 1939 Riuinus,
719 1900 878 1941 reportat
897 1895 997 1929 idem
1088 1899 1110 1929 4
1135 1895 1217 1929 Act.
1238 1896 1355 1939 apost.
1379 1894 1393 1928 Ι
1417 1899 1468 1928 lo,
1488 1898 1526 1927 11

182 1945 247 1987 <sic
272 1945 403 1987 ueniet)

831 2029 883 2069 67

474 2120 536 2154 DE
566 2119 912 2154 COGNOMENTIS
939 2118 1236 2154 SALVATORIS

251 2206 355 2260 Spes
387 2206 456 2246 uia
489 2206 578 2246 uita
609 2204 722 2246 salus
754 2205 862 2245 ratio
895 2204 1103 2259 sapientia
1134 2204 1277 2244 lumen

246 2277 367 2318 iudex
400 2279 523 2331 porta
555 2277 676 2331 gigas
709 2291 781 2316 rex
814 2291 981 2331 gemma
1012 2274 1220 2330 propheta
1251 2273 1444 2315 sacerdos

251 2348 425 2389 Messias
460 2346 648 2389 Sabaoth
682 2346 821 2388 Rabbi
854 2361 1032 2401 sponsus
1064 2345 1270 2387 mediator
