1636 2593
178 103 233 144 74
611 101 1090 137 PSEVDODAMASLANA

443 223 462 252 5
508 209 695 265 Andrea,
730 210 888 252 Christi
921 211 1129 267 apostole,

505 281 585 323 hoc
617 282 709 336 ipso
742 281 827 322 iam
858 280 1067 323 uocabulo

507 353 700 407 decorus,
733 352 844 393 idem
876 353 1054 406 mystice

505 424 687 479 signaris
719 423 802 464 isio
835 421 1026 479 nomine}

512 544 638 585 quem
670 544 774 571 crux
806 529 858 570 ad
890 530 976 571 alta
1006 530 1222 586 prouehit,

420 614 461 644 10
506 616 610 643 crux
643 616 768 656 quem
801 600 925 642 beata
958 601 1116 657 diligit,

508 673 576 713 cui
609 687 712 713 crux
745 687 887 713 amara
917 675 1142 727 praeparah

504 744 610 784 lucis
642 743 810 784 futurae
842 743 1008 798 gaudia.

503 850 547 890 in
579 852 620 890 te
653 849 789 890 crucis
819 849 1071 904 mysterium

505 920 610 962 cluit
642 920 823 976 gemello
856 920 1072 976 stigmate,

418 1002 458 1034 15
503 992 603 1033 dum
634 991 791 1046 probra
822 991 958 1032 uineis
990 1006 1065 1046 per
1097 1005 1263 1033 crucem

503 1064 722 1117 crucisque
754 1062 904 1117 pandis
935 1063 1198 1118 sanguinem.

507 1170 591 1210 iam
622 1184 700 1210 nos
732 1169 877 1210 foueto
909 1168 1134 1224 languidos

505 1254 735 1294 curamque
766 1240 902 1281 nostri
935 1240 1118 1295 suscipe,

504 1326 588 1365 quo
620 1326 695 1366 per
727 1311 863 1352 crucis
895 1311 1120 1352 uictoriam

415 1394 459 1424 ‘20
506 1383 610 1424 caeli
642 1385 837 1437 petamus
868 1382 1063 1436 patriam.

266 1500 319 1534 De
344 1498 492 1543 hymnis
519 1510 720 1543 eorumque
746 1497 960 1533 recensione
987 1498 1026 1532 in
1044 1498 1278 1542 praefatione
1306 1498 1394 1533 dixi.
1440 1498 1520 1534 edi-

173 1548 307 1581 derunt
332 1548 481 1591 praeter
507 1546 601 1581 alios
627 1545 821 1580 Fabricius
849 1558 885 1590 p.
914 1549 996 1589 772,
1025 1545 1202 1579 Sarazani
1227 1558 1262 1580 n.
1288 1550 1327 1589 4,
1359 1545 1518 1581 Riuinus

171 1607 205 1629 n.
230 1599 259 1638 1,
286 1594 464 1629 Merenda
490 1606 524 1627 n.
546 1598 578 1638 8,
605 1593 739 1628 Daniel
760 1592 868 1627 Thes.
892 1591 1055 1636 hymnol.
1077 1593 1094 1626 I
1118 1604 1152 1637 p.
1175 1596 1195 1626 8
1221 1604 1255 1627 n.
1276 1592 1362 1627 VIII
1387 1592 1446 1637 (cf.
1467 1593 1521 1628 IV

171 1654 205 1686 p.
236 1645 311 1676 143.
340 1644 438 1686 363),
477 1641 586 1675 Mone
617 1640 697 1675 Lat.
726 1640 898 1685 Hymnen
926 1640 977 1674 III
1008 1651 1042 1683 p.
1071 1644 1132 1683 97,
1165 1639 1303 1675 Dreves
1334 1639 1518 1675 Analecta

171 1689 346 1733 hymnica
372 1689 405 1722 H
429 1700 464 1732 p.
488 1692 530 1722 72
557 1700 591 1722 n.
613 1692 668 1722 91.
714 1687 757 1722 cf.
780 1686 976 1722 Chevalier
997 1687 1256 1731 Repertorium
1281 1687 1518 1733 hymnologi—

176 1748 257 1770 cum
284 1736 300 1770 I
325 1738 445 1779 (1892)
470 1747 505 1770 n.
526 1739 628 1770 4312.
650 1738 752 1769 4313.
774 1738 877 1769 4503.
898 1738 990 1768 4599

268 1788 284 1817 1
313 1784 398 1818 (Zeus
419 1783 443 1816 d
462 1782 519 1826 (cf.
537 1782 732 1817 Chevalicr
749 1794 784 1816 n.
800 1783 917 1826 4503),
938 1782 1030 1817 diem
1048 1793 1085 1815 m
1105 1781 1315 1825 (Chevalier
1332 1794 1367 1817 n.
1383 1784 1489 1827 4599)
1509 1782 1514 1828 1

170 1832 325 1866 homimis
350 1842 397 1874 m,
423 1831 586 1865 numinis
605 1829 762 1864 Riuinus
789 1828 882 1863 coni.
904 1830 914 1872 Η
935 1833 954 1862 2
979 1840 1175 1874 ‘nomenque
1199 1831 1281 1864 uita
1307 1829 1348 1873 d,
1372 1840 1517 1865 ‘nomen-

171 1890 238 1923 que
256 1880 372 1913 uitam
392 1890 439 1920 m,
465 1879 648 1922 vitamque
677 1888 806 1911 'nomen
824 1875 957 1910 Daniel
979 1875 1189 1920 (chevalier
1210 1888 1244 1911 n.
1264 1878 1371 1921 4503)
1390 1878 1402 1922 Η
1421 1880 1441 1911 3
1466 1878 1518 1913 sic

174 1927 213 1969 d,
239 1927 324 1960 hinc
348 1937 401 1969 m,
428 1926 485 1959 hie
510 1924 576 1958 alii
599 1927 603 1969 Ι
621 1925 842 1968 praedicans
867 1923 891 1957 d
910 1925 921 1967 Η
940 1927 962 1957 4
988 1925 1092 1959 beata
1118 1935 1155 1957 m
1180 1925 1191 1968 Η
1216 1927 1236 1958 5
1263 1923 1432 1959 Andreas
1458 1924 1482 1958 d
1505 1924 1518 1971 Η

173 1978 192 2007 (5
219 1974 282 2007 hoc
307 1974 382 2017 ipse
409 1972 449 2015 d,
482 1972 639 2006 fortasse
668 1972 784 2015 recte,
817 1970 906 2015 quia
933 1971 1045 2005 ceteri
1071 1971 1185 2015 pedes
1218 1970 1296 2006 sine
1325 1970 1396 2005 tali
1421 1971 1515 2006 uitio

173 2030 310 2063 omnes,
335 2021 414 2064 ipso
438 2020 539 2054 hocce
559 2018 716 2052 Riuinus
737 2019 813 2062 (hoe
832 2019 963 2063 quippe
988 2018 1088 2053 idem
1114 2017 1274 2053 coniecit
1302 2017 1342 2052 in
1365 2018 1479 2063 nobis)

173 2071 203 2102 7.
219 2072 240 2100 8
266 2068 515 2111 transponunt
540 2065 701 2100 editores
722 2065 875 2099 Damasi
893 2067 904 2110 Η
925 2070 944 2099 9
970 2067 1015 2099 ab
1041 2067 1118 2100 alta
1137 2077 1173 2099 m
1196 2066 1200 2111 Ι
1219 2066 1373 2110 prouehi
1395 2070 1437 2100 ut
1463 2065 1486 2099 d

175 2118 312 2148 10—1‘2
338 2115 399 2149 cui
423 2125 515 2148 crum
540 2118 661 2148 antam
684 2117 884 2157 praeparat
911 2114 1002 2147 lucis
1025 2114 1173 2156 futurae
1198 2113 1337 2158 yaudia
1359 2113 1517 2157 figam-am

175 2162 314 2196 Christi
338 2162 488 2196 imitans
512 2172 549 2193 m
579 2162 590 2204 Η
624 2165 663 2194 11
692 2165 791 2194 amat
817 2160 839 2193 d
871 2161 882 2204 Η
918 2163 1052 2194 13-16
1079 2171 1148 2194 om.
1171 2159 1194 2193 d
1225 2161 1236 2203 Η
1269 2163 1311 2193 13
1337 2160 1454 2194 crucis
1478 2171 1515 2193 m

172 2209 316 2243 Fabric.
343 2207 476 2242 Daniel
510 2207 666 2251 aliique,
699 2208 811 2242 creuit
838 2207 1014 2241 Sarazani
1047 2208 1085 2242 et
1109 2206 1286 2241 Merenda
1317 2207 1328 2250 Η
1362 2210 1403 2240 15
1430 2207 1517 2242 dum

173 2267 241 2290 om.
270 2268 323 2300 m,
354 2261 386 2290 et
417 2255 525 2289 Monc
551 2257 562 2299 Η
590 2259 631 2289 16
662 2255 820 2299 lucisque
847 2256 984 2299 pandis
1014 2255 1167 2289 *immam
1197 2253 1354 2288 Riuinus
1384 2253 1478 2288 coni.
1509 2254 1512 2298 Ι

167 2305 299 2348 φωτᾶἰζκ·
324 2315 360 2337 m
379 2304 390 2348 Η
413 2306 452 2337 17
478 2303 602 2346 faveto
624 2314 660 2335 m
679 2304 690 2345 Η
713 2306 754 2335 18
780 2303 882 2337 ‘nobis
900 2303 1033 2337 subjice
1055 2300 1212 2335 Rim'nus
1238 2300 1330 2335 coni.
1351 2302 1363 2345 Η
1385 2304 1427 2335 19
1453 2302 1518 2346 qui

167 2362 234 2396 per
255 2351 376 2385 SaraZ.
393 2350 569 2384 Merenda
592 2349 595 2394 Ι
619 2350 822 2394 voystcrium
845 2352 924 2393 (pro
944 2350 1150 2393 uictoriam)
1171 2348 1194 2382 d
1213 2349 1224 2392 Η
1244 2351 1288 2382 20
1314 2350 1399 2392 post
1418 2348 1518 2382 hunc
