1636 2593
562 87 714 121 PSEVD
721 86 1039 121 ODAMASIANA
1411 89 1463 128 Sl

224 194 302 228 Hoc
334 192 496 227 carmine
532 194 569 226 et
601 203 643 227 eo
677 193 776 236 quod
809 193 975 236 sequitur
1005 195 1185 237 martyres
1218 192 1464 236 celebrantur,

130 241 194 286 qui
231 240 343 285 uolgo
377 238 509 274 Graeci
548 239 737 283 dicuntur,
775 240 896 274 Maria
935 241 1033 274 eeum
1067 240 1180 274 fratre
1213 240 1346 274 Nione’
1383 242 1465 283 (77),

132 287 357 333 Hippolytus
382 286 517 320 Adrias
543 286 702 321 Paulina
728 289 816 331 (78),
849 287 913 321 1110
939 286 1061 331 Appia
1090 287 1226 331 sepulti
1258 297 1332 320 non
1358 286 1467 331 longe

130 337 180 370 ab
201 333 358 370 00010310
385 345 411 368 s.
435 333 584 377 Soteris,
611 336 653 368 ut
671 336 832 368 testatur
851 334 1104 379 topographus
1125 333 1466 368 Malmesburiensis

132 382 256 427 (Rossi
275 382 393 416 Roma
419 382 504 415 sott.
524 381 541 414 I
565 393 599 425 p.
624 383 714 425 181).
759 383 844 415 0010
870 392 997 415 eorum
1016 381 1167 415 Rossius
1193 383 1332 415 tractat
1350 381 1468 414 Roma

136 431 221 464 sott.
241 429 293 463 III
317 440 351 472 p.
374 432 442 462 200
457 440 535 471 sqq.
585 428 784 462 frustulum
809 428 918 462 huius
945 427 1082 472 lapidis
1108 428 1215 462 bonis
1241 427 1377 462 litteris
1405 427 1469 461 sed

133 487 207 511 11011
226 475 494 510 Ρ11110001101113
514 474 734 520 inscriptum
754 477 826 519 (uu.
845 478 947 519 1—3)
968 486 1064 509 anno
1088 479 1176 509 1887
1196 474 1337 519 prodiit
1355 485 1468 518 prope

133 522 329 558 eeclesiam
356 534 382 557 s.
403 522 544 556 Mariae
573 522 649 556 ‘dei
669 521 802 556 Monti'
833 521 907 565 (via
931 522 1016 556 dell'
1038 522 1209 566 Agnello)
1236 522 1334 555 intra
1354 521 1469 555 Vimi-

132 570 258 604 nalem
288 571 326 604 et
350 569 601 613 Esquilinum,
634 569 739 603 Gratti
765 568 911 603 Notizie
945 569 1044 613 degli
1078 569 1178 603 soavi
1208 572 1295 603 1887
1328 581 1362 612 p.
1392 572 1469 611 178,

134 617 339 652 Bullettino
379 616 478 650 della
516 616 697 651 commiss.
731 615 889 650 aroheol.
923 616 1115 650 eomunale
1155 616 1191 649 di
1230 617 1347 650 Roma
1382 619 1470 648 1887

131 677 167 709 p.
195 668 282 707 257,
312 663 421 698 Rossi
446 663 541 698 Bull.
570 663 668 698 crist.
697 666 785 697 1887
812 675 846 707 p.
876 667 919 696 60
935 674 1011 706 sqq.
1040 674 1067 697 0.
1094 663 1172 697 tab.
1192 663 1234 697 V.
1285 663 1470 707 integrum

135 711 302 746 seruauit
334 711 475 755 sylloge
502 711 550 754 T,
582 711 648 745 ubi
678 709 871 754 praecedit
901 710 1053 743 Eusebii
1085 709 1248 754 elogium
1278 709 1471 743 Damasia-

133 771 222 792 num
250 762 303 792 18.
348 758 527 792 Marinius
549 758 648 802 apud
667 757 809 790 Maium
829 756 960 800 Script.
982 759 1054 791 uet.
1076 757 1108 790 V
1130 769 1164 800 p.
1187 761 1265 799 441,
1286 761 1306 790 3
1333 760 1365 797 (0
1392 757 1470 790 cod.

135 805 586 849 claustroneoburgensi),
619 803 726 838 Rossi
753 804 870 837 Roma
901 805 985 838 sott.
1014 804 1064 837 III
1089 816 1123 847 p.
1154 807 1219 837 194
1252 805 1289 838 et
1314 803 1412 837 IChr.
1440 803 1473 836 II.

132 865 168 897 p.
191 858 246 895 66,
267 856 310 886 25

232 904 249 933 1
278 898 455 943 temporis
481 900 570 932 11010
596 898 674 932 3010
700 908 882 932 marmore
910 899 1068 941 seruata,
1096 910 1128 932 11.
1151 898 1235 932 adn.
1260 900 1358 941 78,11

138 952 156 980 2
184 947 304 981 Nione
324 946 364 989 T,
391 956 486 988 quae
512 945 624 980 lectio
651 945 888 979 confirmatur
914 945 1039 989 lapide
1130 949 1151 978 4
1178 945 1222 979 de
1247 944 1412 978 clausula
1440 956 1472 978 u.

136 994 220 1027 adn.
242 997 295 1035 2,1
385 997 404 1026 5
425 992 534 1037 Verg.
550 993 640 1027 Aen.
659 992 691 1026 X
712 996 778 1026 018
801 997 863 1026 tna
885 994 988 1037 larya
1006 1004 1109 1036 saepe
1128 1004 1240 1026 'numm
1324 995 1344 1025 8
1370 991 1473 1025 Paul.

134 1040 217 1075 Nol.
238 1040 272 1074 V
292 1043 335 1074 50
361 1051 434 1074 nou
458 1041 635 1085 sanquine
659 1041 753 1083 fuso,
778 1039 951 1073 Dracont.
981 1039 1025 1073 (10
1053 1040 1121 1073 (leo
1148 1039 1197 1073 ΠΙ
1225 1042 1290 1072 147
1317 1040 1476 1083 yrmdent

133 1088 312 1133 scm-quine
330 1088 423 1129 fuso,
444 1087 488 1121 ef.
505 1086 644 1121 Orient.
660 1097 838 1120 common.
855 1086 869 1119 I
891 1090 945 1129 (55,
960 1086 1062 1120 Arat.
1079 1087 1094 1119 I
1110 1090 1175 1119 192
1250 1089 1269 1119 9
1290 1086 1473 1119 Damasus

136 1138 237 1178 10,12
264 1146 338 1169 wion
364 1135 469 1168 timui]
493 1139 637 1168 mortem
735 1137 777 1167 10
803 1145 903 1167 onem
929 1133 968 1176 T,
999 1144 1066 1167 0111.
1094 1133 1214 1166 Μο1113
1314 1137 1352 1166 11
1382 1134 1475 1167 disce

135 1181 308 1224 traditur,
336 1182 452 1215 diseat
477 1180 609 1225 Maius,
637 1182 745 1215 discet
770 1180 877 1214 Rossi

778 1336 830 1376 78

227 1429 341 1469 Olim
374 1429 621 1483 sacrilegam
655 1443 781 1482 quam
813 1429 930 1468 misit
963 1428 1136 1469 Graecia
1169 1428 1354 1481 turbam,

316 1499 511 1552 martyrii
542 1499 706 1539 meritis
737 1513 848 1539 1111110
881 1499 1075 1540 decorata
1107 1499 1224 1540 nitet.

230 1584 335 1623 quae
367 1569 505 1609 medio
538 1569 677 1624 pelagi
710 1571 859 1609 uotum
891 1569 1129 1610 miserabile
1162 1570 1278 1622 fecit,

319 1640 490 1681 reddere
522 1641 695 1680 funereo
729 1640 838 1680 dona
868 1640 1048 1680 nefanda
1079 1639 1183 1680 Ioui.

166 1724 184 1751 5
230 1710 457 1764 Hippolyti
490 1711 562 1751 sed
593 1711 730 1765 prima
762 1711 864 1751 fides
896 1711 1146 1751 caelestibus
1178 1711 1305 1751 armis

319 1781 479 1834 respuit
512 1781 701 1821 insanam
734 1781 1060 1834 pestiferamque
1092 1781 1221 1835 luem,

233 1866 356 1905 quem
389 1851 585 1891 monaehi
612 1852 697 1892 ritu
730 1852 874 1892 tenuit·
898 1852 1096 1905 spelunea
1127 1852 1328 1892 latentem

324 1921 587 1962 Christicolis
619 1922 821 1977 gregibus
854 1922 972 1962 dulce
1006 1922 1143 1962 cubile
1175 1937 1343 1975 parans,

234 1995 331 2046 post
363 1992 474 2032 hune
506 1991 659 2032 Adrias
691 2007 808 2033 sacro
842 1993 1070 2033 mundatur
1102 1993 1144 2033 in
1177 2008 1297 2033 amne

146 2074 188 2104 10
324 2066 365 2103 et
396 2062 573 2103 Paulina
605 2077 680 2103 suo
713 2064 952 2104 consociata
983 2064 1088 2103 uiro.

618 2155 724 2197 XIII
785 2157 824 2197 Κ
846 2182 852 2187 -
873 2149 978 2199 IVN
1000 2182 1005 2187 ·

244 2271 295 2306 Cf.
322 2285 355 2307 n.
385 2276 426 2306 77
454 2284 481 2307 0,
510 2273 634 2306 adnot.
687 2273 854 2307 seruauit
888 2274 926 2307 Τ.
985 2273 1164 2307 Mai-iuius
1208 2272 1307 2316 apud
1344 2272 1484 2305 Mamm

152 2318 282 2363 Seript.
303 2322 375 2354 uet.
397 2320 429 2353 V
454 2332 487 2364 p.
510 2323 564 2363 30,
589 2324 605 2353 1
633 2321 665 2364 (0
692 2320 819 2355 codice
841 2320 1214 2363 Claustroneoburg.),
1240 2319 1348 2353 30331
1367 2319 1483 2353 Roma.

221 2384 386 2417 DAMAsvs,
409 2386 453 2410 ed.
468 2385 545 2409 Ihm
1252 2382 1272 2411 6
