1636 2593
551 82 847 118 TESTIMONIA
1251 88 1365 123 XLIII

121 189 291 243 Optatas
322 189 500 231 Milem't.
531 189 591 230 H
614 193 642 230 3
674 188 910 247 (successit)
944 193 1112 235 Liberio
1146 194 1364 249 Damasus,

28 250 210 291 Damaso
245 247 438 302 Siricius,
473 248 598 289 hodie
631 249 703 302 qui
735 253 879 291 noster
910 255 972 292 est
1003 253 1151 294 socius.

117 378 229 432 Salp.
262 377 352 420 Sea.
385 379 517 419 claron.
551 378 612 420 II
635 381 701 429 48,
728 383 753 419 1
794 395 840 420 ac
873 383 963 421 tum
994 380 1244 436 Instantius,
1278 382 1364 423 Sal-

28 439 179 479 uianus
217 439 259 478 et
289 436 581 478 Priscillianus
612 436 792 478 Romam
830 440 1026 493 profecti,
1063 443 1111 481 ut
1142 442 1253 494 apud
1284 441 1364 482 Da-

27 511 210 550 masum,
250 496 368 536 urbis
408 510 454 537 ea
492 498 741 550 tempestate
774 498 1034 552 episcopum,
1073 499 1237 540 obiecta
1269 515 1364 554 pur-

29 558 189 611 garent.
267 554 297 608 §
323 558 350 595 4
400 554 444 595 hi
483 555 557 595 ubi
594 554 775 596 Romam
812 570 1056 610 peruenere,
1100 558 1282 599 Damaso
1321 573 1364 599 se

26 628 208 670 purgare
240 614 473 667 cupientes,
510 628 562 654 ne
594 614 639 654 in
670 618 941 668 conspectum
973 616 1143 669 quidem
1176 617 1263 657 eius
1296 617 1364 657 ad-

26 674 145 714 missi
176 671 322 728 sunt.¹)
380 673 560 727 regressi
590 671 876 714 Mediolanum
910 688 1040 727 aeque
1073 675 1366 717 aduersantem

27 732 109 773 sibi
140 730 417 772 Ambrosium
448 734 724 786 reppererunt
755 732 812 785 (a.
844 732 996 787 33312)

116 861 256 915 Rafm.
276 862 366 903 last.
387 861 473 902 eccl.
501 860 562 902 II
579 864 632 902 10
676 860 882 902 Damasus
914 865 1010 916 post
1042 861 1259 903 Lmerium
1291 878 1366 916 per

26 921 332 962 successionem
376 920 657 961 sacerdotium
703 921 747 960 in
789 920 893 961 urbe
937 920 1072 961 Roma
1116 925 1365 975 susceperat.

29 994 154 1034 quem
186 980 422 1034 praelatum
454 979 536 1019 sibi
568 994 654 1020 non
685 979 822 1020 ferens
842 979 1023 1020 Vrsinus
1057 980 1228 1033 quidam
1260 981 1365 1020 eiusv

25 1039 120 1080 dem
158 1038 354 1079 ecclesiae
394 1038 593 1079 diaconus
631 1038 675 1078 in
716 1041 881 1079 tantum
921 1038 1076 1079 furoris
1115 1039 1271 1092 erupit,
1317 1042 1365 1079 ut

23 1111 222 1152 persuaso
265 1097 448 1151 quodam
488 1097 590 1137 satis
632 1097 828 1150 imperito
871 1100 912 1138 et
953 1098 1109 1152 agresti
1155 1098 1364 1151 episcopo,

26 1156 202 1197 collecta
227 1156 572 1197 turbulentorum
598 1158 639 1196 et
665 1156 962 1196 seditiosorum
988 1156 1209 1196 hominum
1235 1171 1363 1197 manu

26 1216 71 1256 in
114 1215 289 1256 basilica
333 1230 439 1269 quae
479 1213 656 1255 Sicinini
695 1215 931 1268 appellatur
946 1213 998 1269 3),
1044 1215 1287 1268 episcopum
1318 1230 1362 1256 se

24 1274 117 1314 fieri
155 1276 425 1328 extorqueret
463 1273 629 1328 legibus
668 1276 709 1314 et
746 1273 891 1314 ordine
931 1276 971 1314 et
1009 1273 1236 1314 traditione
1273 1288 1364 1328 per-

26 1333 171 1373 uersis.
233 1347 316 1386 quo
356 1347 406 1373 ex
444 1332 555 1373 facto
594 1334 712 1372 tanta
744 1332 912 1383 seditio,
951 1333 1080 1372 immo
1113 1346 1213 1373 uero
1246 1335 1365 1373 tanta

25 1391 138 1432 bella
169 1394 314 1432 coorta
345 1393 444 1432 sunt
475 1391 727 1432 alterutrum
760 1391 1080 1431 defendentibus
1105 1391 1285 1444 populis,
1318 1394 1365 1432 ut

26 1450 290 1504 replerentur
320 1449 505 1491 humano
538 1450 742 1505 sanguine
774 1450 1015 1491 orationum
1046 1448 1186 1504 lonast)

116 1579 357 1622 Marcellini
399 1579 532 1620 chron.
571 1580 628 1620 ad
662 1593 699 1619 a.
737 1581 824 1619 332
867 1577 1033 1631 (rectius
1064 1580 1164 1627 384,
1213 1577 1364 1619 Chron.

26 1639 171 1680 minor.
204 1639 264 1680 II
289 1642 340 1679 61
372 1639 429 1679 ed.
462 1637 714 1691 Mommsen)
752 1636 958 1677 Damasus
991 1636 1205 1677 Romanae
1238 1637 1365 1678 eccle·

27 1698 112 1739 siae
156 1698 341 1751 exceptis
385 1697 554 1738 Liberio
603 1699 644 1737 et
695 1695 833 1737 Felice
878 1696 1145 1736 tricensimus
1190 1696 1363 1750 quintus

124 1852 156 1894 1)
183 1848 227 1883 cf.
255 1847 482 1883 Priscilliani
513 1847 577 1882 lib.
606 1847 654 1882 ad
680 1847 898 1891 Damasum,
930 1849 1079 1882 tractat.
1108 1848 1140 1881 II
1166 1860 1199 1892 p.
1222 1851 1264 1882 42
1293 1847 1362 1891 (ed.

30 1896 200 1941 Schepss)
227 1900 386 1940 praestes
418 1896 644 1930 audientiam
669 1896 911 1939 deprecamur,
946 1896 1033 1939 qaia
1059 1896 1224 1930 omnibus
1248 1895 1366 1930 senior

27 1949 60 1979 et
80 1945 222 1989 primus
247 1954 298 1986 es,
341 1942 432 1977 ibid.
458 1954 492 1987 p.
515 1946 561 1976 34
585 1943 687 1986 apud
711 1947 760 1984 te,
792 1943 854 1986 qai
876 1943 995 1976 senior
1020 1943 1180 1976 omnium
1205 1946 1365 1976 nostram

28 2002 63 2026 es
88 1996 120 2026 et
145 1992 360 2035 apostolicae
384 1991 477 2025 seclis
501 1991 654 2035 yla-iam
679 1990 778 2024 uitae
804 1990 1053 2033 eoepe=rimentis
1078 1990 1240 2024 maritas
1266 1989 1364 2023 beato

29 2038 136 2073 Petro
161 2039 383 2073 eaehortatore
407 2038 550 2071 uenisti.
596 2036 750 2070 Damasi
774 2037 992 2071 uenerabilis
1017 2047 1149 2070 corona
1174 2035 1263 2070 ibid.
1290 2046 1364 2069 me-

28 2086 193 2119 moratur
222 2097 256 2129 p.
279 2088 370 2128 38‚6
403 2083 461 2128 (cf.
488 2095 522 2128 p.
545 2087 657 2127 39‚21
691 2095 725 2128 p.
747 2086 892 2127 4213),
930 2084 1132 2128 bem'ynz’tas
1163 2082 1221 2116 illi
1253 2083 1364 2116 insita

40 2144 62 2166 ³.
83 2136 139 2175 42,
159 2135 214 2166 27.

27 2144 41 2176 1
122 2181 156 2221 2)
182 2179 303 2212 MIhm
328 2177 460 2212 Studia
486 2177 653 2211 Ambros.
681 2189 715 2221 p.
738 2180 756 2211 7
773 2189 824 2220 sq.

122 2228 155 2270 3)
181 2237 215 2260 u.
243 2226 326 2260 adn.
356 2230 372 2259 1
401 2225 449 2259 ad
475 2225 592 2258 Amm.
620 2223 830 2258 Marcellini
856 2224 1110 2258 testimonium
1135 2235 1168 2267 p.
1190 2222 1295 2255 XLII.

122 2275 156 2317 4)
183 2272 227 2308 cf.
261 2272 400 2307 Socrat.
434 2271 519 2306 hist.
548 2270 635 2306 eccl.
663 2271 713 2305 IV
739 2274 795 2307 29.
845 2271 1065 2306 Sozcmenus
1092 2270 1142 2304 VI
1168 2272 1221 2303 23.
1274 2268 1361 2302 Cas-

29 2318 120 2354 siod.
147 2319 242 2355 Hist.
269 2319 353 2364 trip.
381 2319 466 2353 VIII
494 2322 546 2352 10.
