1636 2593
174 105 270 139 XLH
698 105 996 140 TESTIMONIA

168 214 396 255 seditiones
428 216 614 254 terruere
648 217 862 268 cruentae,
896 229 1001 268 quae
1034 214 1117 256 tale
1150 215 1370 270 negotium
1403 213 1510 255 exci-

169 276 323 314 tauere.
403 272 433 326 ἕ
459 276 515 314 12
559 272 766 314 Damasus
811 277 852 314 et
883 273 1064 315 Vrsinus
1108 289 1234 328 supra
1278 273 1512 314 humanum

167 332 341 373 modum
385 331 437 372 ad
487 332 732 386 rapiendam
785 333 1065 387 episcopalem
1116 333 1256 374 sedem
1306 332 1512 386 ardentes,

168 391 309 432 scissis
336 391 488 431 studiis
515 392 743 445 asperrime
777 392 1130 433 conflictabantur
1162 392 1213 433 ad
1239 406 1371 446 usque
1403 406 1513 432 mor-

169 451 223 491 tis
261 450 571 505 uulnerumque
605 450 847 492 discrimina
880 451 1134 492 adiumentis
1165 452 1386 505 utriusque
1419 465 1513 505 pro-

167 510 340 564 gressis,
386 524 492 563 quae
536 524 611 551 nec
656 510 866 565 corrigere
911 511 1125 551 sufficiens
1166 510 1393 551 Viuentius
1436 524 1512 550 nec

167 569 334 610 mollire
384 571 554 610 coactus
604 569 648 610 ui
698 584 852 625 magna
902 570 1073 610 secessit
1123 570 1167 610 in
1210 569 1512 610 suburbanum.

167 628 197 681 ἕ
251 631 277 668 3
327 630 368 669 et
406 628 451 669 in
488 629 802 671 concertatione
834 632 1108 683 superauerat
1140 628 1347 670 Damasus
1380 630 1511 683 parte,

168 702 274 741 quae
308 687 345 728 ei
377 687 560 741 fauebat,
592 688 788 729 instante.
845 690 1093 742 constatque
1126 688 1170 728 in
1201 688 1375 729 basilica
1409 686 1512 728 Sici-

167 746 258 787 nini
275 745 322 802 1),
354 746 428 787 ubi
461 747 569 787 ritus
592 746 822 788 Christiani
856 749 919 788 est
951 747 1306 801 conuenticulum,
1338 761 1422 788 uno
1445 746 1511 787 die

167 808 337 846 centum
370 806 548 861 triginta
579 809 741 860 septem
774 809 939 860 reperta
966 806 1169 847 cadauera
1195 809 1512 860 peremptorum

167 865 468 919 efferatamque
501 865 572 906 diu
603 865 771 919 plebem
804 880 926 922 aegre
953 868 1100 920 postea
1127 865 1363 906 delenitam.
1407 865 1437 919 ἕ
1458 868 1511 906 14

169 938 305 978 neque
339 939 416 979 ego
450 924 589 966 abnuo
623 925 951 966 ostentationem
984 940 1125 966 rerum
1152 924 1420 966 considerans
1446 939 1512 965 ur-

166 983 390 1037 banarum,
428 983 555 1024 huius
594 984 654 1024 rei
688 981 733 1039 (ι’.
760 998 788 1026 c.
821 985 927 1026 sedis
959 983 1215 1037 episcopalis)
1250 983 1424 1038 cupidos
1457 982 1511 1024 ob

166 1042 480 1096 impetrandum
507 1042 621 1097 quod
647 1046 864 1097 appetunt,
891 1044 1006 1084 omni
1034 1043 1303 1084 contentione
1330 1043 1512 1083 laterum

166 1102 326 1157 iurgari
367 1101 534 1156 debere,
573 1116 668 1143 cum
711 1102 753 1142 id
792 1102 950 1157 adepti,
994 1102 1127 1143 futuri
1166 1102 1251 1142 sint
1284 1102 1343 1142 ita
1375 1102 1512 1142 securi

166 1163 213 1201 ut
241 1161 429 1201 ditentur
455 1161 744 1202 oblationibus
776 1164 1066 1202 matronarum
1098 1161 1412 1215 procedantque
1444 1165 1535 1202 ue-'

165 1219 319 1260 hiculis
352 1220 582 1261 insidentes
615 1221 917 1275 circumspecte
948 1221 1106 1274 uestiti,
1139 1220 1284 1274 epulas
1316 1222 1511 1261 curantes

166 1279 360 1333 profusas
411 1279 513 1320 adeo
564 1282 613 1320 ut
663 1294 809 1321 eorum
860 1280 1057 1321 conuiuia
1106 1279 1268 1335 regales
1313 1282 1512 1333 superent

166 1353 343 1379 mensas
413 1338 444 1392 ἕ
476 1340 528 1380 15
578 1339 651 1393 qui
696 1353 784 1380 esse
828 1342 1025 1393 poterant
1069 1339 1182 1380 beati
1227 1353 1270 1379 re
1314 1353 1432 1393 uera,
1476 1338 1511 1379 si

164 1397 458 1453 magnitudine
490 1397 608 1438 urbis
642 1398 852 1452 despecta,
886 1413 1013 1452 quam
1044 1398 1163 1439 uitiis
1195 1400 1428 1452 opponunt,
1460 1397 1513 1438 ad

168 1457 451 1497 imitationem
484 1457 725 1498 antistitum
752 1457 1017 1511 quorundam
1043 1457 1371 1511 prouincialium
1396 1456 1511 1497 uiue—

167 1519 278 1570 rent,
312 1530 417 1570 quos
450 1516 634 1557 tenuitas
667 1516 815 1557 edendi
845 1516 1104 1570 potandique
1130 1516 1385 1570 parcissime,
1417 1515 1511 1556 uili-

166 1577 230 1616 tas
263 1575 390 1616 etiam
423 1575 768 1616 indumentorum
801 1577 842 1616 et
868 1575 1093 1629 supercilia
1118 1574 1296 1615 humum
1322 1577 1512 1629 spectan-

166 1634 226 1675 tia
257 1636 462 1688 perpetuo
494 1634 659 1675 numini
691 1634 887 1688 uerisque
920 1635 1009 1675 eius
1042 1634 1276 1675 cultoribus
1309 1636 1357 1675 ut
1382 1648 1511 1688 puros

166 1693 463 1734 commendant
495 1695 536 1734 et
568 1692 881 1745 ue1·ecund0s.2)

256 1752 452 1794 XXVII
470 1756 548 1803 9‚9
581 1752 637 1805 (a.
664 1753 767 1806 368)
806 1753 925 1793 cuius
959 1750 1027 1807 (sc.
1055 1751 1335 1807 Praetextati)
1370 1754 1511 1792 aucto-

166 1812 292 1852 ritate
318 1811 525 1865 iustisque
551 1812 745 1852 ueritatis
771 1811 985 1866 suffragiis
1006 1811 1192 1852 tumultu
1214 1811 1357 1865 lenito,
1384 1825 1510 1865 quem

169 1869 508 1912 Christianorum
541 1871 680 1926 iurgia
705 1871 983 1923 concitarunt,
1016 1870 1222 1924 pulsoque
1242 1869 1397 1911 Vrsino
1424 1869 1511 1910 alta

167 1930 286 1984 quies
317 1932 439 1984 parta
470 1931 689 1984 proposito
723 1930 881 1970 ciuium
907 1929 1197 1970 Romanorum
1225 1929 1443 1983 aptissima
1468 1931 1511 1970 et

167 1989 434 2030 adulescebat
483 1989 620 2044 gloria
669 1989 873 2043 praeclari
917 1989 1092 2030 rectoris
1137 1989 1258 2043 plura
1303 1990 1344 2029 et
1387 1987 1512 2029 utilia

167 2048 440 2102 disponentis.

263 2241 293 2278 1)
320 2235 517 2270 basilicam
544 2234 613 2269 Iuli
640 2236 742 2269 trans
769 2234 934 2269 Tiberim
960 2234 1148 2279 intellegit
1173 2234 1276 2269 Rade
1303 2246 1336 2278 p.
1357 2237 1414 2278 14,
1442 2234 1508 2268 ba-

166 2284 311 2318 silicam
336 2282 476 2317 Liberii
501 2282 667 2327 plerique
693 2282 899 2327 (Duchesne
928 2282 943 2316 1
968 2294 1002 2326 p.
1024 2283 1115 2327 209).

262 2334 295 2365 -25
322 2330 424 2364 Rade
451 2342 484 2374 p.
507 2333 562 2364 48.
591 2333 645 2365 49.
