1636 2593
157 117 211 158 14
542 118 725 153 DAMASI
749 117 1107 154 EPIGRAMMATA

251 224 508 269 ‘Epitaphium
526 235 646 269 papae
660 224 811 259 Damasi
832 225 931 269 quod
946 225 1017 259 sibi
1032 225 1151 260 edidit
1164 225 1258 270 ipse'
1282 227 1418 272 sepulti
1432 228 1497 263 uia

155 272 360 307 Ardeatina
383 271 475 315 (Lib.
499 271 630 315 pontif.
653 283 763 316 supra
783 272 822 306 in
840 272 1077 317 testimoniis,
1106 273 1214 308 Rossi
1235 274 1353 309 Roma
1373 276 1458 310 sott.
1480 276 1497 310 I

154 333 188 364 p.
213 323 288 354 180.
312 323 376 353 241
389 330 440 362 sq.
467 318 563 353 Buss.
588 319 685 354 crist.
710 322 799 354 1877
823 332 857 364 p.
882 323 959 363 130,
992 320 1089 354 infra
1115 320 1198 355 adn.
1220 324 1277 365 57)
1303 321 1342 356 in
1368 322 1496 357 multis

155 366 345 402 codicibus
366 366 538 410 traditur,
559 366 604 400 de
625 366 759 410 quibus
779 379 812 401 u.
833 367 1006 401 Rossium
1025 367 1124 402 IChr.
1140 368 1173 402 Π
1191 380 1226 412 p.
1242 372 1320 403 250.
1338 373 1403 403 252
1422 381 1456 404 n.
1477 374 1494 404 1

155 414 250 459 tsyss.
278 413 510 457 Isidoriana)‚
536 425 570 457 p.
594 417 670 448 271.
693 417 759 448 275
779 426 814 449 n.
838 419 879 449 16
906 415 1001 459 (cod.
1022 414 1138 459 Lugd.
1160 415 1240 450 Bat.
1263 416 1366 451 Voss.
1390 416 1429 458 Q.
1452 421 1496 451 69

157 473 250 496 saec.
272 461 346 505 IX),
369 473 403 505 p.
427 465 495 495 282
521 461 618 505 (Vat.
640 461 770 505 Regin.
793 465 882 496 1578
904 473 998 496 saec.
1019 461 1069 495 XI
1089 462 1112 497 f.
1134 466 1188 497 26.
1215 463 1497 498 Monac.'18375

159 520 252 543 saec.
280 508 330 542 IX
355 508 379 542 f.
409 510 507 552 140);
540 508 723 543 accedunt
748 509 862 544 codex
888 510 1057 544 uetustus
1082 509 1335 545 bibliothecae
1362 511 1497 546 Treue—

154 557 253 590 ricae
280 555 458 590 ecclesiae
494 567 520 590 S.
548 555 665 600 Petri,
700 567 743 590 ex
769 567 841 600 quo
869 555 1153 601 Christophorus
1180 557 1373 592 Browerus
1399 569 1497 592 com-

153 603 362 638 municauit
387 614 471 637 cum
495 602 656 637 Baronio
682 603 815 638 Annal.
843 615 875 638 a.
904 607 971 638 384
1003 604 1065 648 (ab
1096 603 1166 638 hoc
1197 605 1363 649 pendent
1389 605 1498 640 Sara-

155 650 239 685 zani
265 663 298 685 n.
323 654 382 693 16,
409 650 566 684 Riuinus
591 662 625 685 n.
648 654 709 694 16,
734 650 912 685 Merenda
937 663 971 685 n.
993 654 1054 694 34,
1081 650 1243 696 Wilpert
1268 652 1338 686 Ein
1365 651 1497 696 Cyclus

156 697 484 742 christologischer
506 696 706 732 Gemaelde
727 709 792 732 aus
815 699 847 733 d.
869 698 1104 732 Katakombe
1128 699 1161 733 d.
1183 698 1244 734 hh.
1264 699 1395 734 Petrus
1421 700 1498 734 und

154 745 393 780 Marcellinus
419 757 454 790 p.
478 747 547 789 18),
574 745 807 779 Monacensis
835 749 948 779 22227
977 756 1069 780 saec.
1091 745 1159 780 XII
1178 746 1215 790 (f.
1238 749 1319 791 207)
1345 746 1496 791 aliique.

153 793 250 827 male
282 792 439 837 inrepsit
471 792 568 827 inter
601 792 765 826 carmina
801 792 995 827 Theodulfi
1028 792 1193 837 episcopi
1218 793 1497 829 Aurelianensis

154 840 317 885 praefixo
343 840 518 874 lemmate
546 839 599 873 ‘in
626 839 730 873 obitu
751 839 931 883 Damasi',
958 841 1059 874 Poet.
1081 839 1190 874 latini
1217 840 1301 874 aeui
1322 840 1496 886 Camlini,

153 899 224 922 rec.
246 887 490 921 EDuemmler
508 887 525 920 I
549 899 583 931 p.
606 890 673 920 557
694 899 728 921 n.
750 887 863 920 LXVI
889 889 922 931 (e
951 887 1170 932 Sirmondo),
1197 887 1240 922 cf.
1262 888 1370 922 Rossi
1395 889 1495 924 IChr.

154 935 187 969 H
218 946 253 979 p.
280 938 357 969 252,
393 938 459 968 287
493 933 588 968 Bull.
622 934 720 968 crist.
756 938 997 968 1884—1885
1029 946 1063 979 p.
1094 939 1147 969 11.
1198 937 1318 969 totum
1350 946 1499 970 carmen

154 981 302 1016 saeculo
322 981 397 1016 fere
418 981 503 1016 VIII
523 981 692 1016 Treueris
713 983 949 1016 monumento
975 982 1074 1016 Erici
1095 981 1286 1016 cuiusdam
1311 984 1357 1027 (u.
1380 987 1399 1017 6
1415 988 1499 1028 post

153 1031 286 1064 eineres
300 1029 407 1064 Eriec'
427 1040 456 1063 e.
472 1040 505 1072 q.
522 1031 563 1073 S.)
583 1028 741 1063 incisum
761 1030 817 1063 est
837 1030 987 1063 auctum
1009 1029 1151 1063 duobus
1171 1029 1370 1064 ‘uersibus’
1393 1030 1497 1065 hisce

367 1100 504 1134 Christe
529 1101 727 1144 redemptor
747 1111 857 1143 parce
882 1100 980 1142 fideli
1006 1100 1136 1143 Erico,

365 1148 427 1192 qm·
452 1158 596 1191 corpore
622 1148 753 1181 multas
774 1151 856 1191 post
881 1158 914 1181 se
940 1148 1086 1191 reliquit
1113 1148 1280 1182 lacrimas

154 1218 336 1252 FXKraus
368 1218 478 1252 Inscr.
513 1217 637 1252 christ.
670 1217 836 1251 Rhenan.
869 1217 902 1250 II
940 1229 973 1251 n.
1002 1220 1068 1250 385
1106 1219 1139 1261 (e
1170 1217 1333 1252 Broweri
1367 1217 1494 1262 Antiq.

153 1266 259 1300 Treu.
280 1266 296 1299 I
314 1277 348 1310 p.
371 1267 438 1309 61).
478 1275 605 1299 uersus
632 1268 651 1298 2
679 1267 717 1299 et
743 1268 763 1298 3
790 1263 952 1298 adhibiti
979 1266 1064 1298 sunt
1090 1264 1129 1298 in
1154 1264 1265 1299 titulo
1291 1265 1496 1300 christiano

152 1313 271 1348 musei
296 1312 557 1347 Lateranensis
584 1311 704 1356 (class.
726 1312 775 1345 IX
801 1324 834 1346 n.
857 1314 926 1356 37),
953 1322 1062 1355 quem
1087 1322 1204 1356 nuper
1231 1311 1426 1357 descripsi:

434 1382 794 1425 VIVEREQVIPRE
800 1381 1160 1417 STATMORIENTI

364 1440 1285 1483 A58E&MINATERRAESOLVEREQVIPOT

363 1499 1080 1536 VITgLETALIAVINCVLAMORTI

398 1582 1236 1618 DEPOSITVSTEBERIANVSIIIIDVSAGV

434 1642 825 1677 &STASINPACEM

154 1715 347 1761 [depositus
374 1713 593 1748 Teberiamcs
618 1713 656 1746 in
681 1723 862 1747 marmore
889 1714 954 1755 est,
981 1722 1055 1746 non
1081 1713 1242 1756 deposuit
1268 1712 1495 1757 Seberz'arms,

153 1762 252 1805 quod
283 1761 438 1795 tradunt
471 1760 569 1795 Sarti
597 1762 633 1794 et
666 1759 803 1794 Settele
830 1760 887 1793 Ad
913 1758 1083 1803 Dionysii
1110 1770 1200 1803 opus
1228 1759 1272 1794 de
1298 1757 1491 1794 Vaticanis

152 1808 291 1853 cryptis
318 1807 503 1852 appendix
529 1808 682 1852 (Romae
711 1809 813 1851 1840)
844 1819 878 1851 p.
900 1807 973 1852 82]
1022 1806 1190 1840 imitatus
1217 1808 1274 1841 est
1298 1808 1492 1850 praeterea

152 1858 281 1890 auctor
307 1854 489 1899 epitaphii
516 1855 615 1898 quod
639 1854 678 1888 in
704 1854 830 1888 codice
856 1854 883 1888 L
909 1853 1048 1898 legitur
1072 1854 1172 1898 apud
1197 1853 1369 1888 Rossium
1388 1853 1489 1888 IChr.

152 1903 184 1937 II
206 1915 239 1948 p.
264 1906 329 1937 170
354 1914 388 1936 n.
411 1906 454 1936 27
481 1904 539 1945 (=
561 1902 663 1936 Grut.
688 1905 787 1945 1169,
808 1903 842 1945 4)
872 1901 943 1946 Qut
966 1912 1063 1935 mare
1087 1901 1255 1946 yracliens
1274 1901 1394 1936 undas
1407 1901 1488 1945 pla-

151 1952 257 1985 nam‘t
283 1953 454 1984 tumentes
479 1950 708 1993 cleoetramque
732 1949 861 1983 salutis
888 1949 1021 1983 labenti
1041 1948 1148 1983 Petro
1169 1949 1332 1992 porreaeit
1357 1958 1386 1982 e.
1407 1959 1440 1991 q.
1463 1959 1488 1982 S.

248 2002 264 2031 1
295 1997 368 2031 Cur
400 2007 466 2040 pro
496 1996 568 2041 Qut
599 1996 677 2030 cod.
705 1995 848 2030 Monac.
877 1998 1000 2029 22227.
1051 1995 1094 2029 cf.
1122 1994 1230 2039 Verg.
1258 1996 1347 2029 Aen.
1368 1994 1401 2029 V
1421 1997 1486 2029 801

151 2056 253 2089 saepe
289 2044 429 2087 furores
466 2044 655 2088 compressi
696 2047 729 2078 et
765 2044 900 2078 rabiem
941 2046 1081 2077 tantam
1118 2043 1275 2087 caelique
1311 2043 1492 2086 marisque

247 2096 266 2125 2
293 2092 355 2135 qui
375 2095 513 2135 prestat
537 2092 660 2125 uiuere
691 2090 770 2125 cod.
797 2089 926 2134 Regin,
977 2091 1067 2123 nota
1099 2089 1255 2124 formam
1281 2093 1419 2133 prestat
1450 2088 1490 2122 in

151 2138 277 2183 lapide
297 2137 494 2173 Teberiani
516 2137 608 2172 conl.
629 2140 684 2181 27,
700 2142 752 2171 11.
792 2136 948 2171 conferri
968 2138 1124 2180 possunt
1136 2135 1353 2180 Vergiliana
1373 2135 1487 2170 hemi-

152 2185 287 2220 stichia
312 2185 400 2219 Aen.
428 2184 460 2218 X
486 2188 553 2219 462
580 2185 769 2219 morientia
794 2185 934 2219 lumina
965 2184 1097 2227 Turni,
1129 2183 1178 2218 XI
1205 2187 1271 2218 665
1297 2184 1489 2218 morientia

151 2244 301 2278 corpora
334 2233 482 2276 fundis,
521 2232 758 2275 eiusdemque
797 2231 964 2266 clausula
1000 2232 1136 2266 semina
1173 2232 1337 2275 flammae
1373 2229 1423 2263 VI
1455 2233 1485 2264 6.

153 2280 259 2315 Ouid.
287 2280 436 2314 Metam.
463 2279 513 2312 ΠΙ
541 2283 605 2313 105
638 2280 808 2314 mortalia
832 2279 968 2313 semina
994 2277 1086 2312 dicit
1203 2281 1223 2311 3
1251 2277 1381 2323 Ieyctlict
1407 2276 1486 2310 cod.

152 2327 281 2371 Regin.
303 2326 401 2361 Erici
422 2326 507 2370 epit.
531 2326 724 2370 Siuuond„
751 2326 895 2361 Lazaro
917 2337 984 2360 sua
1004 2324 1183 2359 Baronius
1210 2335 1228 2358 e
1255 2324 1381 2358 codice
1401 2323 1488 2357 Tre-

152 2374 275 2409 uerico
309 2375 374 2408 aut
406 2373 618 2408 coniectura
649 2373 706 2418 (cf.
735 2372 965 2417 epitaphium
992 2383 1102 2416 supra
1128 2371 1282 2406 citatum
1313 2382 1369 2416 ap.
1397 2370 1488 2405 Ros-
