1636 2593
173 87 228 127 5⁷)ss
561 85 746 120 DAMASI
771 84 1131 120 EPIGRAMMATA

268 191 484 237 Recognoui
505 203 653 226 carmen
672 191 826 226 tabulae
846 202 1075 227 marmoreae
1095 190 1232 226 litteris
1251 191 1520 226 Philocalianis

174 241 397 285 inscriptum
422 239 461 273 in
485 250 613 273 museo
639 239 883 274 Lateranensi
909 239 1028 284 (class.
1050 239 1124 283 VI).
1174 238 1247 273 fuit
1277 238 1366 273 olim
1390 238 1430 273 in
1453 239 1520 274 ba·

175 289 284 324 silica
310 300 335 322 s.
357 286 512 321 Martini
537 286 577 320 in
602 286 797 330 Esquilino
824 288 972 331 auecta,
999 288 1042 321 ut
1066 285 1232 330 uidetur,
1259 297 1278 321 e
1305 286 1519 321 suburbano

175 336 302 380 aliquo
329 334 568 378 coemeterio,
603 333 738 368 deinde
769 333 809 368 in
834 334 1066 369 bibliotheca
1091 333 1286 368 Vaticana.
1337 333 1519 368 Baronius

175 395 207 419 a.
237 386 321 426 383,
350 381 526 416 Sarazani
551 393 586 416 n.
618 385 659 415 13
687 382 750 426 (ad
775 381 922 427 lapid),
956 381 1113 415 Riuinus
1138 393 1173 416 n.
1196 385 1238 415 13
1272 383 1304 426 (e
1330 381 1518 426 Baronio)‚

174 430 354 466 Merenda
373 442 407 464 n.
429 433 484 472 32,
511 429 623 463 Perez
643 441 677 473 p.
700 433 744 462 54
763 428 803 463 in
823 429 899 465 tab.
921 442 955 464 n.
976 429 1009 463 V
1029 428 1121 473 (aeri
1139 428 1271 473 ineis),
1298 428 1407 463 Rossi
1425 429 1519 464 Mus.

176 478 341 513 Pio-Lat.
374 477 451 511 hab.
479 476 530 510 VI
569 478 606 510 et
638 476 903 511 commentario
941 476 1165 511 instructum
1200 475 1301 511 IChr.
1334 476 1351 510 I
1387 488 1421 520 p.
1454 480 1519 510 145

175 538 209 560 n.
232 528 312 569 329,
339 524 467 559 R-oller
485 523 554 558 Les
575 524 810 558 cataeombes
832 524 876 558 de
896 525 1012 559 Rome
1032 524 1066 558 Π
1085 535 1119 568 p.
1142 527 1186 558 86
1211 523 1289 558 tab.
1311 523 1408 558 LXII
1434 535 1468 558 n.
1487 527 1520 567 8,

176 572 381 607 Buecheler
406 570 557 605 Anthol.
585 571 700 616 epigr.
727 583 762 606 n.
784 575 852 605 670

273 625 290 654 1
324 618 603 654 hemisffiehjum
628 618 729 663 prius
756 618 956 653 formatum
982 619 1030 653 ad
1055 618 1164 663 Verg.
1192 618 1268 653 Ecl.
1291 618 1341 652 VI
1362 622 1406 653 74
1435 619 1522 664 quid

176 669 304 713 loquar
329 671 395 701 ant
420 666 578 712 Scyllam
609 665 763 700 iuuante
796 665 915 701 altera
940 665 1101 700 formula
1126 665 1345 710 Vergiliana
1376 667 1523 710 eloquar

175 728 226 750 an
251 716 376 749 sileam
401 714 491 748 Aen.
513 713 564 747 ΠΙ
585 716 640 748 39.
692 712 736 748 cf.
765 712 872 748 Ouid.
900 714 988 748 Met.
1016 713 1067 747 XI
1088 716 1154 747 708
1176 714 1289 758 plura
1314 714 1416 748 dolor
1436 724 1521 758 pro-

174 764 272 798 hibez‘r
370 766 390 795 2
419 762 476 796 hic
501 761 662 795 homulus
686 762 814 796 retinet
839 762 1003 796 caelestia
1026 762 1179 795 membra
1200 764 1255 804 23,
1281 761 1339 795 hic
1363 761 1524 795 tumulus

226 838 259 844 ..
287 809 511 855 Gorgonium
536 809 663 843 retinet
690 812 744 843 31.
791 808 835 843 de
861 820 1027 854 coquosce
1052 820 1086 842 11.
1115 808 1199 842 adn.
1230 811 1259 852 7,
1279 812 1311 843 4.
1338 807 1377 841 in
1395 807 1524 852 lapide

177 868 357 913 script-um
383 869 441 902 est
466 867 707 910 PARENTV,
734 866 777 901 cf.
806 871 838 907 8,
860 870 881 900 4
978 871 997 900 3
1024 866 1195 902 Proiecta
1221 866 1360 902 femina
1385 866 1526 901 nobilis

176 916 309 961 ignota
329 915 430 949 Flori
455 913 623 959 religiosi
642 914 802 948 hominis
823 914 911 958 filia,
940 914 984 949 de
1005 925 1077 958 quo
1097 926 1131 949 u.
1154 915 1202 948 ad
1222 926 1256 949 u.
1280 918 1309 949 7.
1355 914 1525 949 clausula

177 965 303 998 iuncta
323 963 454 997 marito
475 962 575 1006 apud
596 961 688 996 Stat.
711 961 800 996 Silu.
822 962 837 995 I
859 966 890 1005 2,
908 965 985 1005 189,
1014 961 1058 997 cf.
1087 961 1220 996 Catuli.
1243 965 1298 1006 64,
1320 966 1388 996 374
1407 966 1525 1006 nupta

177 1012 321 1053 marito,
348 1014 404 1054 62,
419 1013 464 1044 54
484 1010 679 1044 coniuncta
698 1011 840 1049 marito,
868 1008 975 1043 Ouid.
996 1008 1084 1043 Met.
1105 1009 1156 1042 VI
1177 1012 1244 1042 634
1341 1013 1363 1043 4
1389 1008 1525 1044 catull.

178 1062 257 1101 111,
275 1062 292 1091 1
309 1058 391 1092 uiro
412 1061 614 1092 contentam
633 1058 756 1091 'm‘uere
770 1058 854 1099 solo,
874 1056 983 1101 Verg.
998 1057 1089 1091 Aen.
1104 1056 1155 1089 XI
1170 1060 1236 1090 582
1263 1057 1339 1091 sola
1359 1060 1526 1092 contenta

178 1106 321 1147 Diana,
349 1103 456 1138 Ouid.
481 1104 565 1138 Her.
587 1103 620 1137 V
641 1107 660 1137 9
687 1108 852 1138 contenta
876 1105 1018 1139 marito.
1063 1103 1103 1137 in
1129 1103 1358 1148 sarcophago
1384 1103 1526 1138 Veson-

178 1152 281 1187 tione
312 1162 387 1196 rep.
421 1152 494 1186 solo
525 1156 690 1186 contenta
720 1152 852 1185 marito
883 1151 973 1185 Rev.
1001 1150 1161 1185 archeol.
1191 1154 1281 1185 1890
1314 1151 1391 1185 Ian.
1417 1163 1452 1195 p.
1481 1154 1524 1184 32

180 1218 223 1229 =
250 1198 455 1233 Buecheler
486 1198 638 1232 Anthol.
667 1198 781 1242 epigr.
815 1210 848 1232 n.
876 1202 944 1232 455
977 1198 1036 1242 (cf.
1066 1210 1099 1232 n.
1129 1200 1220 1242 643).
1272 1197 1527 1232 Dracontiana

179 1248 375 1291 comparat
394 1246 539 1280 Amend
559 1257 594 1290 p.
618 1250 660 1279 11
759 1249 778 1279 5
805 1245 915 1290 Verg.
936 1245 1026 1280 Aen.
1049 1246 1066 1279 I
1085 1249 1153 1279 344
1179 1251 1211 1280 et
1229 1256 1360 1291 ‘magno
1378 1246 1527 1280 miserae

180 1296 330 1329 dilectus
349 1304 479 1336 amore,
504 1293 537 1326 X
560 1296 624 1327 788
646 1292 815 1327 clausula
837 1294 1010 1338 yenitoris
1030 1304 1149 1328 amore
1234 1297 1253 1327 6
1280 1294 1368 1338 qaid
1392 1293 1528 1335 multis,

179 1354 223 1376 ne
249 1342 372 1376 multis
396 1340 491 1375 talia
518 1340 619 1384 apud
643 1339 857 1374 Ciceronem
883 1339 1051 1384 aliosque
1076 1340 1297 1384 frequentia.
1349 1339 1393 1374 cf.
1417 1339 1524 1374 Ouid.

179 1389 267 1423 Met.
289 1388 357 1422 VH
382 1392 451 1422 403
483 1388 636 1422 thalami
666 1399 802 1432 qnoque
833 1389 972 1431 foedere
1009 1389 1127 1433 iunyit
1248 1391 1266 1421 7
1298 1388 1407 1432 Verg.
1434 1387 1526 1422 Aen.

181 1436 195 1470 Ι
219 1440 263 1469 88
290 1437 452 1479 eripiant
556 1446 600 1469 esc
625 1436 749 1477 oculis,
777 1434 884 1469 Ouid.
905 1435 992 1469 Met.
1014 1435 1082 1469 VII
1104 1438 1169 1469 776
1197 1436 1234 1469 et
1258 1434 1408 1469 Heroid.
1429 1434 1462 1468 X
1482 1438 1527 1468 43

180 1484 293 1518 oculis
319 1487 468 1527 ereptus.
513 1481 663 1516 Florum
684 1481 944 1516 Terribilinius
968 1482 1019 1520 (in
1041 1482 1125 1516 add.
1148 1482 1197 1516 ad
1216 1482 1415 1516 Merendae
1436 1481 1525 1516 edit.

179 1543 214 1575 p.
238 1534 268 1564 9.
292 1532 349 1574 10)
370 1532 407 1563 ei,
426 1529 579 1563 Rossius
601 1540 684 1563 eum
704 1540 783 1563 esse
803 1529 1052 1573 probabiliter
1071 1529 1271 1572 coniciunt,
1293 1540 1403 1573 quem
1418 1528 1528 1562 Libe—

180 1577 269 1612 ralis
295 1576 470 1621 martyris
497 1578 574 1620 (qni
599 1577 780 1621 quondam
799 1578 840 1610 in
859 1578 964 1611 terris
989 1578 1113 1611 consul
1137 1577 1268 1611 honore
1291 1578 1379 1620 fait)
1406 1575 1526 1620 sepul—

181 1636 283 1659 crum
308 1634 507 1658 renouasse
540 1625 577 1657 et
610 1634 806 1657 exornasse
838 1625 1026 1658 testantur
1052 1623 1323 1667 epigrammata
1353 1634 1372 1658 e
1399 1622 1526 1657 codice

181 1670 355 1706 Palatino
370 1670 473 1705 edita
491 1682 512 1704 a
528 1670 684 1704 Grutero
699 1673 815 1714 (1171,
831 1674 980 1714 9.·1172,
994 1672 1028 1715 6)
1043 1672 1080 1704 et
1094 1669 1225 1704 Rossio
1246 1670 1345 1705 IChr.
1362 1671 1395 1704 II
1407 1682 1442 1715 p.
1460 1674 1525 1704 101

181 1731 216 1752 n.
240 1722 282 1752 23
310 1720 382 1762 (uu.
412 1721 430 1751 9
458 1719 495 1751 et
524 1721 566 1751 10
592 1719 720 1752 obtulit
745 1718 829 1752 haec
854 1719 998 1752 domino
1024 1729 1236 1761 componeres
1262 1719 1358 1752 atria
1388 1718 1529 1753 Florus

183 1771 223 1801 nt
254 1770 394 1800 sanctos
424 1776 602 1799 venerans
630 1766 795 1808 praemia.
827 1766 923 1799 iusta
948 1766 1060 1808 ferat,
1091 1765 1131 1798 in
1164 1764 1243 1799 cod.
1268 1765 1389 1809 prima
1414 1776 1527 1799 manu

182 1814 293 1857 slorz'S,
319 1812 439 1846 altera
457 1814 581 1856 florus)
607 1814 644 1846 et
664 1823 697 1856 p.
723 1815 788 1845 104
807 1823 841 1846 n,
864 1815 907 1845 38
929 1814 1002 1856 (uu.
1021 1816 1038 1846 7
1052 1823 1103 1856 sq.
1131 1813 1178 1846 sit
1192 1824 1321 1856 precor
1346 1816 1528 1857 acceptum

183 1861 278 1905 qaod
304 1860 609 1904 postslispcsszdia
640 1860 722 1893 belh·
752 1860 793 1893 in
823 1860 950 1894 melius
977 1859 1016 1893 F
1019 1860 1118 1894 lorus
1147 1861 1305 1894 vestinae
1335 1860 1527 1903 fanzulns);

183 1907 228 1942 cf.
257 1906 372 1941 etiam
403 1906 498 1941 Bull.
533 1906 632 1940 crist.
662 1910 751 1940 1894
776 1918 811 1951 p.
839 1910 882 1940 37
898 1918 968 1950 sq.,
1001 1907 1127 1941 Roem.
1156 1906 1408 1948 Quartalschr.
1437 1909 1528 1941 1894

182 1967 218 1999 p.
242 1958 318 1988 141.
362 1953 493 1987 ABHT
519 1953 615 1998 lapis
640 1964 706 1997 pro
733 1954 860 1997 abluit,
888 1953 939 1987 sic
960 1955 1071 1988 subiit
1096 1954 1279 1998 producta
1305 1953 1425 1988 altera
1444 1964 1528 1998 pro-

184 2001 434 2036 nuntiandum
466 2000 505 2034 in
536 2000 727 2045 epitaphio
754 2000 929 2035 Africano
961 2001 1113 2045 Ephem.
1147 2001 1262 2046 epigr.
1286 2001 1319 2035 V
1342 2004 1448 2044 1049,
1481 2000 1526 2034 cf.

185 2048 389 2083 Buecheler
408 2047 519 2082 Anth.
547 2047 661 2092 epigr.
690 2047 737 2081 ad
759 2052 838 2091 520,
854 2052 873 2082 6
971 2053 991 2081 8
1019 2049 1164 2083 quenc.
1187 2048 1220 2082 H
1242 2052 1307 2082 195
1334 2048 1526 2083 aetheriam

186 2098 273 2131 liber
304 2096 511 2130 conscendet
542 2097 582 2129 in
613 2096 754 2137 aulam,
785 2095 835 2128 ΠΙ
862 2099 931 2129 4οΟ
967 2097 1114 2140 quisque
1146 2097 1245 2139 eupit
1276 2096 1400 2129 celsam
1437 2095 1530 2129 caeli

185 2144 416 2178 conscendere
441 2143 565 2185 sedem,
592 2142 701 2176 Prud.
723 2142 853 2177 Perist.
874 2142 960 2176 VIII
983 2147 1000 2176 ἰ·
1028 2145 1091 2187 (μα’
1115 2144 1214 2187 capit
1236 2147 1418 2177 aeternam
1438 2142 1528 2176 caeli

185 2191 416 2226 conscendere
440 2201 605 2233 reynum3
638 2188 682 2223 cf.
712 2189 796 2223 adn.
821 2193 862 2223 16
985 2194 1004 2223 9
1032 2189 1174 2234 Vergili
1201 2188 1368 2224 clausula
1393 2190 1527 2224 solacia

187 2239 304 2273 Iactus
328 2237 418 2271 Aen.
440 2236 490 2270 XI
511 2240 565 2270 62.
617 2236 660 2270 cf.
689 2235 796 2270 Ouid.
825 2237 902 2271 Art.
927 2248 997 2271 am.
1024 2237 1057 2271 Π
1078 2240 1156 2280 603,
1183 2236 1356 2270 Draconi.
1386 2236 1431 2270 de
1458 2235 1527 2271 deo

185 2285 236 2318 HI
257 2289 312 2328 49,
340 2284 457 2319 Carm.
480 2283 524 2317 de
546 2282 752 2318 Philomela
779 2295 835 2328 ap.
864 2284 1051 2319 Baehrens
1077 2284 1186 2318 PLM
1206 2283 1238 2317 V
1257 2295 1292 2328 p.
1321 2286 1388 2317 363
1414 2284 1528 2318 noctis

183 2333 320 2367 solacia
338 2335 529 2376 praestans
549 2332 585 2365 et
605 2330 701 2364 infra
722 2330 806 2365 adn.
826 2335 925 2375 1029
1002 2335 1043 2365 10
1065 2330 1233 2366 consules
1251 2332 1336 2364 sunt
1356 2329 1444 2365 anni
1459 2333 1527 2364 383
