1636 2593
428 93 611 127 DAMASI
636 93 957 128 EPIGRAMMAT
961 95 992 128 A
1323 94 1377 134 21

37 200 122 235 Nol.
150 211 259 234 carm.
285 199 353 233 XV
373 202 416 233 89
443 211 522 234 eum
547 201 621 234 iam
646 204 731 233 tuuc
755 201 918 242 fremeret
942 205 1088 235 sauctae
1116 201 1215 234 iutra
1239 201 1380 234 uiscera

38 249 182 290 matris,
220 257 330 290 supra
364 250 386 280 4
423 247 564 281 uiscera
601 250 714 281 terrae
750 247 906 289 (Amend
937 259 971 291 p.
1002 250 1058 290 11)
1154 250 1176 280 4
1207 248 1379 291 extemplo

39 295 189 330 ducibus
213 294 330 328 missis
355 298 441 328 tuuc
466 294 557 328 colla
582 294 706 327 dedere
731 297 792 337 43,
824 294 914 328 item
945 295 1037 329 colla
1062 295 1184 329 dedere
1215 294 1254 327 in
1279 294 1380 338 frag-

38 342 164 376 mento
192 344 252 384 17,
284 341 374 375 colla
403 344 535 375 secaret
567 343 620 374 29.
672 339 716 374 cf.
751 340 936 374 clausulas
962 340 1105 385 Vergili
1136 353 1256 383 arma,
1287 342 1380 384 fata,

38 393 139 434 terya
159 389 281 422 dedere
302 386 440 421 similia
466 387 568 431 (Aen.
590 386 640 420 IX
661 390 728 420 683
755 389 848 431 cet).
895 387 1038 422 Consol.
1066 388 1113 422 ad
1139 387 1285 422 Liuiam
1312 391 1379 421 208

38 437 131 470 colla
156 436 259 477 dare,
284 433 429 468 Paulin.
450 433 533 468 Nol.
554 433 621 467 XV
642 437 706 467 201
735 435 766 467 sot
789 435 885 477 ferro
910 436 1000 470 colla
1027 436 1175 470 dedisset
1272 439 1291 468 5
1318 436 1382 469 ubi

40 484 78 516 et
108 483 172 527 qui
201 481 379 516 Merenda
414 480 543 515 edidit.
595 491 706 515 senex
737 481 874 524 Xystus
911 483 1066 515 uocatur
1103 482 1150 515 ab
1183 481 1379 515 Ambrosio

40 529 85 563 de
118 528 211 563 offic.
244 529 261 562 I
285 532 347 572 41,
387 528 431 563 cf.
465 528 559 562 Acta
592 527 651 562 SS.
678 527 713 561 ΙΙ
738 528 831 572 Aug.
860 540 895 573 p.
925 533 991 563 140
1023 530 1178 572 (cousule
1209 530 1381 564 seuectutc'

38 578 146 620 tuae).
190 575 366 610 Prudent.
387 575 518 609 Perist.
538 575 607 609 VII
626 574 686 620 (de
707 574 859 616 Quirino
881 575 1053 620 episcopo
1074 575 1254 613 Sisciano)
1279 587 1313 609 u.
1335 579 1377 609 51

37 624 148 658 sensit
172 627 312 668 martyr
337 624 523 667 episcopus
548 623 622 656 iam
641 627 790 666 partam
814 623 884 657 sibi
897 624 1064 667 praeripi
1077 624 1238 667 palmeam
1258 624 1381 657 mortis

135 674 154 704 6
180 671 293 714 kaput
319 672 357 704 et
375 671 508 715 optulit
527 669 653 704 codex.
703 669 811 714 Verg.
833 670 923 704 Aen.
939 670 1023 703 VIII
1047 674 1111 703 611
1134 681 1233 714 seque
1253 670 1381 704 obtulit

38 718 145 760 ultro,
165 717 251 751 VIII
270 720 337 751 144
352 728 404 761 sq.
430 729 483 752 me
508 717 583 761 ipse
609 727 790 761 meumque
816 718 927 751 obieci
951 721 1072 761 caput,
1104 716 1237 750 Catull.
1259 721 1314 760 66,
1335 719 1380 749 40

38 768 139 809 teque
157 768 328 809 tuumque
346 769 456 809 caput
553 767 571 798 7
597 765 781 808 inpatieus
800 764 879 798 cod.
923 776 986 798 uec
1012 764 1147 798 laedere
1173 775 1382 808 quemquam

40 813 97 845 est
127 811 167 845 in
197 811 318 855 elogio
345 810 552 845 Florentini
584 810 734 845 abbatis
762 810 897 845 Gallici
924 810 996 845 CIL
1023 810 1090 844 XII
1111 814 1177 844 944
1203 812 1261 855 (=
1288 810 1380 844 Bue-

39 858 164 893 cheler
190 858 301 893 Anth.
329 857 443 903 epigr.
470 870 504 892 n.
527 861 606 901 712,
628 860 661 902 6)
782 862 802 892 8
828 857 937 901 Verg.
960 858 1048 892 Aen.
1073 857 1106 891 Π
1127 861 1192 891 537
1215 858 1382 901 praemia

38 906 194 940 reddant
219 906 348 940 debita.
388 906 555 950 praemia
580 906 680 940 uitae
706 909 784 948 212
812 907 849 939 et
876 908 929 938 58.
971 904 1092 939 Sedul.
1118 915 1226 938 carm.
1254 903 1379 948 pasch.

38 953 55 986 I
80 956 158 987 340.
208 952 303 986 tales
335 951 516 986 formulae
549 952 696 996 saepius
735 953 834 996 apud
872 954 1001 996 poetas
1038 951 1260 985 christianos
1293 950 1380 995 (CIL

39 999 73 1033 V
92 1001 215 1043 6817),
248 999 292 1033 cf.
315 1001 481 1043 praemia
501 1011 648 1045 puyuae
675 999 887 1043 similesque
914 999 1100 1033 clausulas
1127 998 1226 1042 apud
1252 997 1382 1041 Vergi-

38 1045 131 1080 lium
156 1046 259 1091 (Aen.
284 1046 334 1080 XI
356 1048 413 1091 78)
439 1046 616 1090 aliosque.
669 1047 740 1081 CIL
768 1046 851 1080 XIV
874 1050 962 1080 1938
989 1051 1021 1080 et
1047 1048 1130 1081 bene
1151 1057 1221 1089 pro
1246 1046 1382 1079 meritas

36 1095 168 1139 yaudet
192 1095 262 1128 sibi
281 1095 449 1138 praemia
474 1095 577 1129 reddi
650 1099 669 1128 9
697 1095 868 1138 expressit
887 1094 1074 1128 Damasus
1093 1094 1255 1127 meritum
1278 1096 1379 1135 27,12

685 1249 738 1289 14

98 1352 182 1394 Par
212 1354 430 1408 meritum,
464 1355 718 1408 quicumque
750 1354 874 1409 legis,
907 1367 1111 1408 cognosce
1144 1353 1342 1407 duorum,

101 1424 196 1477 quis
227 1424 436 1465 Damasus
468 1427 606 1465 rector
638 1425 787 1465 titulos
818 1428 915 1478 post
946 1424 1132 1478 praemia
1164 1423 1310 1464 reddit.

98 1493 294 1535 Iudaicus
326 1495 509 1549 populus
543 1494 804 1548 Stephanum
837 1495 1013 1535 meliora
1043 1497 1284 1535 monentem

98 1565 337 1618 perculerat
368 1566 496 1619 saxis,
529 1566 685 1606 tulerat
717 1566 789 1619 qui
823 1580 872 1606 ex
904 1565 1026 1605 hoste
1058 1567 1297 1618 tropaeum,

40 1646 60 1676 5
98 1636 350 1689 martyrium
382 1636 545 1690 primus
576 1636 718 1690 rapuit
749 1636 879 1676 leuita
910 1635 1057 1676 fidelis.

101 1705 334 1747 Tarsicium
367 1710 558 1747 sanctum
593 1706 751 1747 Christi
784 1709 1044 1747 sacramenta
1075 1707 1291 1761 gerentem

100 1790 195 1816 cum
227 1776 336 1816 male
369 1791 470 1817 sana
501 1791 650 1817 manus
680 1778 890 1830 premeret
922 1776 1097 1830 uulgare
1128 1775 1334 1829 profanis,

100 1847 189 1901 ipse
222 1846 405 1887 animam
436 1847 580 1901 potius
611 1847 750 1887 uoluit
783 1846 994 1887 dimittere
1027 1861 1170 1887 caesus

99 1917 276 1971 prodere
309 1932 436 1972 quam
469 1918 643 1958 canibus
674 1917 834 1958 rabidis
867 1918 1062 1958 caelestia
1092 1917 1292 1958 membra.

135 2044 309 2089 Elogium
329 2044 486 2078 Tarsicii
505 2045 679 2090 martyris
704 2045 743 2079 in
764 2045 984 2080 coemeterio
1005 2044 1150 2079 Callisti
1177 2044 1239 2078 uia
1259 2044 1382 2088 Appia

41 2091 184 2126 conditi
213 2091 337 2136 (Rossi
369 2092 487 2126 Roma
519 2093 603 2126 sott.
637 2093 652 2126 I
683 2105 717 2137 p.
747 2096 823 2127 180.
854 2096 929 2127 181.
957 2092 990 2126 ΙΙ
1021 2104 1055 2136 p.
1084 2094 1118 2136 9)
1150 2091 1315 2126 seruauit
1340 2091 1378 2124 L.

43 2138 146 2173 Grut.
172 2142 274 2182 1174,
294 2143 314 2173 2
342 2139 402 2182 (ab
429 2138 498 2173 hoc
518 2138 698 2173 Baronius
726 2151 757 2174 a.
779 2143 858 2182 384,
886 2139 1061 2174 Sarazani
1087 2151 1120 2173 n.
1143 2143 1197 2182 35,
1224 2137 1380 2171 Riuinus

42 2197 76 2219 n.
104 2188 165 2229 36,
197 2185 374 2220 Merenda
405 2198 438 2220 n.
469 2190 510 2219 18
544 2185 587 2220 cf.
621 2198 654 2230 p.
684 2190 781 2231 141),
817 2187 893 2220 Mai
927 2187 1000 2221 Scr.
1033 2188 1106 2220 uet.
1134 2186 1165 2219 V
1196 2197 1229 2229 p.
1259 2188 1319 2228 34,
1347 2188 1379 2227 3,

42 2232 150 2266 Rossi
181 2233 299 2267 Roma
331 2235 415 2267 sott.
443 2233 476 2266 Π
507 2245 541 2277 p.
565 2237 625 2277 10,
656 2233 756 2268 IChr.
782 2234 815 2267 Π
846 2246 880 2278 p.
911 2237 976 2267 109
1008 2245 1041 2267 n.
1066 2237 1120 2267 62.
1157 2232 1200 2266 cf.
1228 2232 1381 2275 Langen

43 2278 174 2313 Gesch.
196 2279 229 2314 d.
250 2291 361 2315 roem.
383 2280 517 2314 Kirche
543 2292 577 2324 p.
600 2283 677 2315 347.
729 2291 824 2324 quae
851 2281 895 2314 de
916 2280 1072 2314 Tarsicii
1093 2279 1258 2313 acoluthi
1284 2289 1379 2312 mar-

42 2325 140 2370 tyrio
166 2326 206 2360 in
231 2327 324 2361 actis
353 2327 531 2371 Stephani
559 2327 665 2370 (Acta
693 2328 752 2362 SS.
780 2328 795 2361 Ι
821 2328 913 2372 Aug.
940 2340 974 2371 p.
999 2331 1075 2371 143,
1102 2326 1146 2361 cf.
1167 2326 1217 2359 III
1242 2338 1275 2370 p.
1299 2327 1380 2363 201)
