1636 2593
214 334 232 364 5

191 688 232 718 10

192 1042 233 1072 15

189 1396 232 1426 20

576 141 759 175 DAMASI
785 140 1142 175 EPIGRAMMATA

281 250 478 292 caedibus
511 249 696 290 adsiduis
729 253 899 304 cuperet
933 250 1165 303 discerpere
1197 248 1382 303 plebem,

279 337 374 362 cum
405 321 562 362 lacerat
594 323 761 361 sanctae
793 321 941 361 matris
973 320 1043 374 pia
1074 319 1243 361 foedera
1275 333 1438 374 caecus,

276 396 374 447 post
406 391 601 432 tenebras
633 406 781 432 uerum
808 391 962 432 meruit
995 405 1247 446 cognoscere
1278 391 1432 432 lumen.

278 464 510 517 temptatus
542 462 673 503 sensit
704 464 845 516 posset
878 461 979 516 quid
1011 461 1148 517 gloria
1183 460 1351 502 Christi.

279 534 451 575 auribus
489 536 537 574 ut
575 533 735 574 domini
772 547 919 574 uocem
958 532 1178 586 lucemque
1211 532 1386 587 recepit,

279 604 517 659 composuit
548 618 686 645 mores
722 602 879 645 Christi
910 606 1134 658 praecepta
1165 606 1344 644 secutus.

278 678 442 717 mutato
474 675 635 730 placuit
666 678 892 729 postquam
926 674 974 715 de
1006 674 1177 722 nomine
1208 673 1383 728 Paulus,

278 747 385 787 mira
417 746 520 787 fides
552 761 711 787 rerum:
744 746 885 786 subito
919 748 1035 786 trans
1068 744 1238 786 aethera
1270 747 1416 786 uectus

276 832 447 859 noscere
479 817 715 871 promeruit
746 819 918 871 possent
959 816 1060 870 quid
1097 816 1284 870 praemia
1320 816 1445 857 uitae.

278 888 521 929 conscendit
553 890 698 942 raptus
731 890 892 940 martyr
923 887 1157 941 penetralia
1192 885 1367 940 Christi,

279 960 405 1000 tertia
436 959 510 999 lux
543 959 646 999 caeli
679 958 817 999 tenuit
848 958 1066 1012 paradisus
1100 960 1286 1012 euntem3

279 1030 515 1084 conloquiis
549 1029 708 1070 domini
741 1029 915 1083 fruitur,
948 1031 1107 1069 secreta
1138 1031 1342 1082 reseruat,

278 1100 477 1157 gentibus
510 1114 556 1140 ac
587 1099 757 1153 populis
795 1099 932 1140 iussus
971 1099 1210 1153 praedicere
1242 1113 1359 1152 uera,

275 1170 535 1226 profundum
566 1172 786 1224 penetrare
818 1170 946 1210 maris
977 1172 1229 1224 noctemque
1263 1169 1456 1224 diemque
1629 1198 1636 1254 J

274 1242 429 1296 uisere,
462 1241 529 1282 cui
562 1256 765 1296 magnum
797 1241 899 1282 satis
932 1243 994 1281 est
1026 1240 1180 1281 vixisse
1212 1240 1424 1281 latentem.

275 1313 470 1366 uerbera,
496 1312 654 1367 uincla,
681 1312 853 1366 famem,
879 1311 1040 1366 lapides
1066 1311 1310 1365 rabiemque
1336 1311 1532 1366 ferarum,

278 1383 455 1425 carceris
488 1383 711 1437 inluuiem,
744 1383 905 1438 uirgas,
937 1385 1165 1436 tormenta,
1198 1385 1382 1437 catenas,
1632 1383 1636 1390 '

277 1454 567 1510 naufragium,
600 1454 812 1508 lacrimas,
844 1454 1050 1507 serpentis
1084 1453 1173 1494 dira
1204 1467 1384 1507 uenena,
1628 1406 1636 1479 i

277 1526 477 1581 stigmata
507 1539 594 1565 non
626 1525 771 1565 timuit
802 1527 971 1578 portare
1003 1524 1047 1564 in
1079 1537 1252 1577 corpore
1287 1521 1456 1563 Christi.

278 1596 492 1637 credentes
526 1595 669 1636 docuit
700 1598 872 1649 possent
905 1609 987 1648 quo
1019 1594 1187 1634 uincere
1220 1597 1410 1634 mortem.

278 1667 430 1722 dignus
463 1681 603 1707 amore
637 1666 701 1706 dei
734 1666 845 1706 uiuit
876 1680 950 1719 per
981 1665 1116 1706 saecla
1147 1665 1359 1719 magister.

217 1750 228 1758 ⁷
277 1737 471 1778 uersibus
502 1736 569 1777 his
602 1736 805 1791 breuiter,
837 1736 990 1790 fateor,
1022 1735 1283 1776 sanctissime
1317 1735 1464 1776 doctor

277 1808 425 1863 Paule,
457 1810 554 1848 tuos
586 1807 794 1848 Damasus
826 1807 941 1847 uolui
975 1810 1210 1847 monstrare
1243 1805 1492 1860 triumphos.

284 1912 460 1947 Codicum
494 1922 685 1945 recensum
722 1913 965 1954 notarumque
1005 1910 1291 1955 explicationem
1330 1909 1445 1944 habes
1490 1909 1529 1943 in

188 1959 431 2004 praefatione.
482 1958 620 2002 primus
660 1958 778 1992 edidit
814 1958 929 1993 Aldus
967 1957 1156 1992 Manutius
1195 1958 1296 1992 Poet.
1334 1956 1529 1991 christiani

189 2009 332 2041 ueteres
365 2006 506 2050 (Venet.
539 2007 639 2049 1502)
666 2005 699 2038 Π
725 2005 747 2040 f.
775 2005 882 2040 hhii‘
918 2016 936 2039 e
969 2004 1096 2039 codiee
1131 2005 1277 2050 ignoto;
1314 2006 1400 2049 post
1431 2004 1529 2038 hunc

190 2053 382 2088 Fabricius
414 2065 448 2097 p.
478 2057 541 2087 771
583 2056 629 2097 (u.
663 2052 741 2086 eius
779 2054 1014 2087 commentar.
1047 2065 1080 2097 p.
1109 2055 1153 2085 43
1191 2053 1291 2086 ‘ante
1322 2062 1379 2086 me
1412 2050 1529 2085 Aldus

190 2101 360 2145 edidit');
395 2111 412 2134 e
446 2099 571 2134 codice
605 2099 779 2134 Fuldensi
813 2099 1073 2143 antiquissimo
1107 2111 1132 2133 s.
1159 2098 1340 2133 Bonifatii
1367 2097 1529 2133 Christo-

189 2149 327 2193 phorus
354 2148 545 2181 Browerus
577 2146 615 2180 in
640 2147 738 2181 notis
765 2147 852 2181 edit.
874 2146 1051 2181 Venantii
1077 2145 1271 2180 Fortunati
1298 2145 1528 2189 (Moguntiae

191 2208 222 2230 a.
248 2197 351 2239 1603)
370 2207 404 2239 p.
427 2197 492 2228 261
510 2206 579 2237 sq.;
608 2194 783 2228 Sarazani
804 2206 836 2229 n.
855 2198 871 2228 1
895 2196 951 2237 (ex
973 2193 1067 2228 Aldo
1089 2195 1126 2228 et
1145 2193 1344 2236 Browero);
1371 2192 1528 2226 Riuinus

190 2255 223 2277 n.
252 2246 271 2276 9
305 2249 340 2286 <a
371 2240 588 2286 prioribus);
621 2241 797 2276 Merenda
829 2254 862 2275 n.
892 2246 909 2275 7
941 2242 1100 2285 (secutus
1127 2239 1366 2275 Sarazanium
1392 2239 1529 2274 citans-

193 2301 263 2333 que
285 2290 322 2324 in
343 2288 440 2323 notis
461 2288 638 2323 lectiones
660 2288 856 2323 nonnullas
883 2288 1052 2322 codicum
1077 2286 1182 2331 r¹1·²);
1210 2286 1385 2321 Gallandi
1404 2299 1438 2331 p.
1461 2290 1528 2321 346

190 2340 222 2381 (e
257 2336 453 2371 Merendae
488 2335 608 2380 edit.);
642 2335 748 2370 Rossi
781 2336 879 2371 IChr.
913 2336 945 2370 ΙΙ
977 2347 1010 2379 p.
1040 2338 1105 2369 247
1138 2347 1171 2369 n.
1201 2338 1242 2368 12
1275 2340 1308 2378 (e
1340 2334 1419 2369 cod.
1447 2333 1527 2378 Th),

190 2395 222 2428 p.
246 2388 310 2418 441
340 2396 372 2418 n.
397 2385 462 2417 148
489 2382 710 2427 (exemplum
736 2383 835 2417 Petri
863 2383 1005 2427 Sabini)
