<?xml version="1.0" encoding="UTF-8"?>
<!DOCTYPE html PUBLIC "-//W3C//DTD XHTML 1.0 Transitional//EN"
    "http://www.w3.org/TR/xhtml1/DTD/xhtml1-transitional.dtd">
<html xmlns="http://www.w3.org/1999/xhtml" xml:lang="en" lang="en">
 <head>
  <title>
</title>
<meta http-equiv="Content-Type" content="text/html;charset=utf-8" />
  <meta name='ocr-system' content='tesseract 3.04.00' />
  <meta name='ocr-capabilities' content='ocr_page ocr_carea ocr_par ocr_line ocrx_word'/>
</head>
<body>
  <div class='ocr_page' id='page_1' title='image "./damasiepigrammat00damauoft_0038.png"; bbox 0 0 1636 2593; ppageno 0'>
   <div class='ocr_carea' id='block_1_1' title="bbox 145 87 978 123">
    <p class='ocr_par' dir='ltr' id='par_1_1' title="bbox 145 87 978 123">
     <span class='ocr_line' id='line_1_1' title="bbox 145 87 978 123; baseline -0.001 0"><span class='ocrx_word' id='word_1_1' title='bbox 145 88 297 123; x_wconf 73' lang='lat' dir='ltr'>XXXVI</span> <span class='ocrx_word' id='word_1_2' title='bbox 679 87 978 123; x_wconf 83' lang='lat' dir='ltr'>TESTIMONIA</span> 
     </span>
    </p>
   </div>
   <div class='ocr_carea' id='block_1_2' title="bbox 150 197 1500 431">
    <p class='ocr_par' dir='ltr' id='par_1_2' title="bbox 150 197 1500 431">
     <span class='ocr_line' id='line_1_2' title="bbox 154 197 1498 253; baseline 0.001 -15"><span class='ocrx_word' id='word_1_3' title='bbox 154 200 296 239; x_wconf 89' lang='lat' dir='ltr'>autem</span> <span class='ocrx_word' id='word_1_4' title='bbox 341 197 524 251; x_wconf 85' lang='lat' dir='ltr'>populus</span> <span class='ocrx_word' id='word_1_5' title='bbox 569 197 789 251; x_wconf 90' lang='lat' dir='ltr'>episcopos</span> <span class='ocrx_word' id='word_1_6' title='bbox 833 197 1058 238; x_wconf 85' lang='lat' dir='ltr'>conuenire</span> <span class='ocrx_word' id='word_1_7' title='bbox 1103 197 1249 238; x_wconf 89' lang='lat' dir='ltr'>multis</span> <span class='ocrx_word' id='word_1_8' title='bbox 1301 198 1498 253; x_wconf 87' lang='lat' dir='ltr'>precibus</span> 
     </span>
     <span class='ocr_line' id='line_1_3' title="bbox 151 256 1499 310; baseline 0 -12"><span class='ocrx_word' id='word_1_9' title='bbox 151 257 372 310; x_wconf 84' lang='lat' dir='ltr'>exorabat,</span> <span class='ocrx_word' id='word_1_10' title='bbox 416 259 464 296; x_wconf 90' lang='lat' dir='ltr'>ut</span> <span class='ocrx_word' id='word_1_11' title='bbox 502 258 785 297; x_wconf 88' lang='lat' dir='ltr'>memoratum</span> <span class='ocrx_word' id='word_1_12' title='bbox 824 259 942 297; x_wconf 87' lang='lat' dir='ltr'>tanta</span> <span class='ocrx_word' id='word_1_13' title='bbox 981 256 1198 310; x_wconf 76' lang='lat' dir='ltr'>impietate</span> <span class='ocrx_word' id='word_1_14' title='bbox 1241 257 1499 298; x_wconf 89' lang='lat' dir='ltr'>maculatum</span> 
     </span>
     <span class='ocr_line' id='line_1_4' title="bbox 150 315 1500 369; baseline 0.001 -12"><span class='ocrx_word' id='word_1_15' title='bbox 150 316 360 357; x_wconf 88' lang='lat' dir='ltr'>sententia</span> <span class='ocrx_word' id='word_1_16' title='bbox 393 315 505 356; x_wconf 89' lang='lat' dir='ltr'>iusta</span> <span class='ocrx_word' id='word_1_17' title='bbox 536 315 828 369; x_wconf 77' lang='lat' dir='ltr'>procellerent,</span> <span class='ocrx_word' id='word_1_18' title='bbox 861 329 987 369; x_wconf 91' lang='lat' dir='ltr'>quem</span> <span class='ocrx_word' id='word_1_19' title='bbox 1019 316 1062 356; x_wconf 90' lang='lat' dir='ltr'>in</span> <span class='ocrx_word' id='word_1_20' title='bbox 1089 318 1256 356; x_wconf 90' lang='lat' dir='ltr'>tantum</span> <span class='ocrx_word' id='word_1_21' title='bbox 1282 318 1500 358; x_wconf 84' lang='lat' dir='ltr'>matronae</span> 
     </span>
     <span class='ocr_line' id='line_1_5' title="bbox 152 373 1416 431; baseline 0 -15"><span class='ocrx_word' id='word_1_22' title='bbox 152 375 400 430; x_wconf 82' lang='lat' dir='ltr'>diligebant,</span> <span class='ocrx_word' id='word_1_23' title='bbox 432 378 481 415; x_wconf 89' lang='lat' dir='ltr'>ut</span> <span class='ocrx_word' id='word_1_24' title='bbox 512 377 804 416; x_wconf 86' lang='lat' dir='ltr'>matronarum</span> <span class='ocrx_word' id='word_1_25' title='bbox 837 374 1114 428; x_wconf 86' lang='lat' dir='ltr'>auriscalpius</span> <span class='ocrx_word' id='word_1_26' title='bbox 1130 373 1163 431; x_wconf 75' lang='lat'>¹)</span> <span class='ocrx_word' id='word_1_27' title='bbox 1197 375 1416 417; x_wconf 82' lang='lat' dir='ltr'>diceretur.</span> 
     </span>
    </p>
   </div>
   <div class='ocr_carea' id='block_1_3' title="bbox 151 445 1511 2098">
    <p class='ocr_par' dir='ltr' id='par_1_3' title="bbox 151 445 1511 2098">
     <span class='ocr_line' id='line_1_6' title="bbox 239 445 1500 501; baseline 0 -14"><span class='ocrx_word' id='word_1_28' title='bbox 239 446 316 487; x_wconf 87' lang='lat' dir='ltr'>IV</span> <span class='ocrx_word' id='word_1_29' title='bbox 352 445 490 486; x_wconf 87' lang='lat' dir='ltr'>Voces</span> <span class='ocrx_word' id='word_1_30' title='bbox 523 460 623 501; x_wconf 90' lang='lat' dir='ltr'>ergo</span> <span class='ocrx_word' id='word_1_31' title='bbox 650 445 787 500; x_wconf 87' lang='lat' dir='ltr'>plebis</span> <span class='ocrx_word' id='word_1_32' title='bbox 814 445 866 486; x_wconf 88' lang='lat' dir='ltr'>ad</span> <span class='ocrx_word' id='word_1_33' title='bbox 879 445 1228 486; x_wconf 78' lang='lat' dir='ltr'>Valentinianum</span> <span class='ocrx_word' id='word_1_34' title='bbox 1260 449 1359 487; x_wconf 88' lang='lat' dir='ltr'>sunt</span> <span class='ocrx_word' id='word_1_35' title='bbox 1392 446 1500 487; x_wconf 89' lang='lat' dir='ltr'>dela-</span> 
     </span>
     <span class='ocr_line' id='line_1_7' title="bbox 151 505 1501 559; baseline 0 -13"><span class='ocrx_word' id='word_1_36' title='bbox 151 508 219 546; x_wconf 86' lang='lat' dir='ltr'>tae</span> <span class='ocrx_word' id='word_1_37' title='bbox 251 505 499 559; x_wconf 85' lang='lat' dir='ltr'>principem,</span> <span class='ocrx_word' id='word_1_38' title='bbox 532 505 605 558; x_wconf 88' lang='lat' dir='ltr'>qui</span> <span class='ocrx_word' id='word_1_39' title='bbox 635 505 793 559; x_wconf 88' lang='lat' dir='ltr'>pietate</span> <span class='ocrx_word' id='word_1_40' title='bbox 820 508 1058 546; x_wconf 88' lang='lat' dir='ltr'>commotus</span> <span class='ocrx_word' id='word_1_41' title='bbox 1084 505 1267 546; x_wconf 91' lang='lat' dir='ltr'>reditum</span> <span class='ocrx_word' id='word_1_42' title='bbox 1294 506 1501 547; x_wconf 77' lang='lat' dir='ltr'>concessit</span> 
     </span>
     <span class='ocr_line' id='line_1_8' title="bbox 153 563 1500 619; baseline 0 -14"><span class='ocrx_word' id='word_1_43' title='bbox 153 564 364 605; x_wconf 77' lang='lat' dir='ltr'>exulibus.</span> <span class='ocrx_word' id='word_1_44' title='bbox 426 566 527 604; x_wconf 90' lang='lat' dir='ltr'>tunc</span> <span class='ocrx_word' id='word_1_45' title='bbox 560 563 741 604; x_wconf 78' lang='lat' dir='ltr'>Vrsinus</span> <span class='ocrx_word' id='word_1_46' title='bbox 774 578 870 604; x_wconf 89' lang='lat' dir='ltr'>cum</span> <span class='ocrx_word' id='word_1_47' title='bbox 901 563 1104 605; x_wconf 85' lang='lat' dir='ltr'>Amantio</span> <span class='ocrx_word' id='word_1_48' title='bbox 1137 567 1179 605; x_wconf 90' lang='lat' dir='ltr'>et</span> <span class='ocrx_word' id='word_1_49' title='bbox 1211 564 1331 619; x_wconf 87' lang='lat' dir='ltr'>Lupo</span> <span class='ocrx_word' id='word_1_50' title='bbox 1365 564 1500 606; x_wconf 88' lang='lat' dir='ltr'>diaco-</span> 
     </span>
     <span class='ocr_line' id='line_1_9' title="bbox 153 621 1499 677; baseline 0 -13"><span class='ocrx_word' id='word_1_51' title='bbox 153 623 280 664; x_wconf 82' lang='lat' dir='ltr'>nibus</span> <span class='ocrx_word' id='word_1_52' title='bbox 314 621 438 664; x_wconf 79' lang='lat' dir='ltr'>XVII</span> <span class='ocrx_word' id='word_1_53' title='bbox 477 623 557 663; x_wconf 84' lang='lat' dir='ltr'>kal.</span> <span class='ocrx_word' id='word_1_54' title='bbox 601 621 772 664; x_wconf 82' lang='lat' dir='ltr'>Octobr.</span> <span class='ocrx_word' id='word_1_55' title='bbox 810 622 1018 677; x_wconf 86' lang='lat' dir='ltr'>Lupicino</span> <span class='ocrx_word' id='word_1_56' title='bbox 1058 626 1099 664; x_wconf 89' lang='lat' dir='ltr'>et</span> <span class='ocrx_word' id='word_1_57' title='bbox 1137 622 1287 665; x_wconf 91' lang='lat' dir='ltr'>Iouino</span> <span class='ocrx_word' id='word_1_58' title='bbox 1321 624 1499 665; x_wconf 89' lang='lat' dir='ltr'>consuli-</span> 
     </span>
     <span class='ocr_line' id='line_1_10' title="bbox 151 681 1501 738; baseline 0 -15"><span class='ocrx_word' id='word_1_59' title='bbox 151 683 232 723; x_wconf 89' lang='lat' dir='ltr'>bus</span> <span class='ocrx_word' id='word_1_60' title='bbox 248 681 282 738; x_wconf 73' lang='lat'>2)</span> <span class='ocrx_word' id='word_1_61' title='bbox 316 682 368 723; x_wconf 86' lang='lat' dir='ltr'>ad</span> <span class='ocrx_word' id='word_1_62' title='bbox 399 682 549 723; x_wconf 90' lang='lat' dir='ltr'>urbem</span> <span class='ocrx_word' id='word_1_63' title='bbox 581 682 724 736; x_wconf 88' lang='lat' dir='ltr'>rediit,</span> <span class='ocrx_word' id='word_1_64' title='bbox 758 682 824 723; x_wconf 90' lang='lat' dir='ltr'>cui</span> <span class='ocrx_word' id='word_1_65' title='bbox 857 682 977 736; x_wconf 89' lang='lat' dir='ltr'>plebs</span> <span class='ocrx_word' id='word_1_66' title='bbox 1010 685 1154 723; x_wconf 90' lang='lat' dir='ltr'>sancta</span> <span class='ocrx_word' id='word_1_67' title='bbox 1185 686 1405 738; x_wconf 81' lang='lat' dir='ltr'>gratanter</span> <span class='ocrx_word' id='word_1_68' title='bbox 1436 697 1501 723; x_wconf 93' lang='lat' dir='ltr'>oc-</span> 
     </span>
     <span class='ocr_line' id='line_1_11' title="bbox 152 741 1500 796; baseline 0 -14"><span class='ocrx_word' id='word_1_69' title='bbox 152 742 297 783; x_wconf 91' lang='lat' dir='ltr'>currit.</span> <span class='ocrx_word' id='word_1_70' title='bbox 348 741 421 782; x_wconf 93' lang='lat' dir='ltr'>sed</span> <span class='ocrx_word' id='word_1_71' title='bbox 452 741 661 782; x_wconf 84' lang='lat' dir='ltr'>Damasus</span> <span class='ocrx_word' id='word_1_72' title='bbox 694 744 912 782; x_wconf 89' lang='lat' dir='ltr'>tantorum</span> <span class='ocrx_word' id='word_1_73' title='bbox 944 741 1026 782; x_wconf 84' lang='lat' dir='ltr'>sibi</span> <span class='ocrx_word' id='word_1_74' title='bbox 1059 743 1251 783; x_wconf 89' lang='lat' dir='ltr'>conscius</span> <span class='ocrx_word' id='word_1_75' title='bbox 1283 742 1500 796; x_wconf 87' lang='lat' dir='ltr'>scelerum,</span> 
     </span>
     <span class='ocr_line' id='line_1_12' title="bbox 151 801 1501 856; baseline 0 -14"><span class='ocrx_word' id='word_1_76' title='bbox 151 816 239 842; x_wconf 88' lang='lat' dir='ltr'>non</span> <span class='ocrx_word' id='word_1_77' title='bbox 282 801 485 842; x_wconf 88' lang='lat' dir='ltr'>mediocri</span> <span class='ocrx_word' id='word_1_78' title='bbox 531 802 684 842; x_wconf 86' lang='lat' dir='ltr'>timore</span> <span class='ocrx_word' id='word_1_79' title='bbox 729 815 974 855; x_wconf 80' lang='lat' dir='ltr'>concussuS,</span> <span class='ocrx_word' id='word_1_80' title='bbox 1018 801 1197 842; x_wconf 86' lang='lat' dir='ltr'>redemit</span> <span class='ocrx_word' id='word_1_81' title='bbox 1235 816 1358 842; x_wconf 93' lang='lat' dir='ltr'>omne</span> <span class='ocrx_word' id='word_1_82' title='bbox 1390 801 1501 856; x_wconf 90' lang='lat' dir='ltr'>pala-</span> 
     </span>
     <span class='ocr_line' id='line_1_13' title="bbox 154 860 1502 915; baseline 0 -14"><span class='ocrx_word' id='word_1_83' title='bbox 154 861 281 914; x_wconf 89' lang='lat' dir='ltr'>tium,</span> <span class='ocrx_word' id='word_1_84' title='bbox 325 875 377 901; x_wconf 88' lang='lat' dir='ltr'>ne</span> <span class='ocrx_word' id='word_1_85' title='bbox 422 860 534 901; x_wconf 87' lang='lat' dir='ltr'>facta</span> <span class='ocrx_word' id='word_1_86' title='bbox 578 875 654 901; x_wconf 89' lang='lat' dir='ltr'>sua</span> <span class='ocrx_word' id='word_1_87' title='bbox 690 860 873 914; x_wconf 87' lang='lat' dir='ltr'>principi</span> <span class='ocrx_word' id='word_1_88' title='bbox 911 860 1209 914; x_wconf 86' lang='lat' dir='ltr'>panderentur.</span> <span class='ocrx_word' id='word_1_89' title='bbox 1271 860 1502 915; x_wconf 85' lang='lat' dir='ltr'>impe-rator</span> 
     </span>
     <span class='ocr_line' id='line_1_14' title="bbox 154 919 1503 975; baseline 0 -15"><span class='ocrx_word' id='word_1_90' title='bbox 154 920 346 960; x_wconf 91' lang='lat' dir='ltr'>nesciens</span> <span class='ocrx_word' id='word_1_91' title='bbox 379 919 482 973; x_wconf 88' lang='lat' dir='ltr'>quid</span> <span class='ocrx_word' id='word_1_92' title='bbox 508 919 718 960; x_wconf 84' lang='lat' dir='ltr'>Damasus</span> <span class='ocrx_word' id='word_1_93' title='bbox 749 922 1044 974; x_wconf 83' lang='lat' dir='ltr'>perpetrasset,</span> <span class='ocrx_word' id='word_1_94' title='bbox 1077 919 1263 960; x_wconf 88' lang='lat' dir='ltr'>edictum</span> <span class='ocrx_word' id='word_1_95' title='bbox 1287 922 1503 975; x_wconf 78' lang='lat' dir='ltr'>prorogat,</span> 
     </span>
     <span class='ocr_line' id='line_1_15' title="bbox 153 978 1502 1034; baseline -0.001 -14"><span class='ocrx_word' id='word_1_96' title='bbox 153 981 202 1020; x_wconf 90' lang='lat' dir='ltr'>ut</span> <span class='ocrx_word' id='word_1_97' title='bbox 233 978 390 1020; x_wconf 89' lang='lat' dir='ltr'>Vrsino</span> <span class='ocrx_word' id='word_1_98' title='bbox 430 979 557 1019; x_wconf 80' lang='lat' dir='ltr'>exilio</span> <span class='ocrx_word' id='word_1_99' title='bbox 596 979 783 1034; x_wconf 87' lang='lat' dir='ltr'>relegato</span> <span class='ocrx_word' id='word_1_100' title='bbox 822 979 939 1019; x_wconf 90' lang='lat' dir='ltr'>nulla</span> <span class='ocrx_word' id='word_1_101' title='bbox 977 979 1155 1019; x_wconf 88' lang='lat' dir='ltr'>ulterius</span> <span class='ocrx_word' id='word_1_102' title='bbox 1194 979 1374 1033; x_wconf 90' lang='lat' dir='ltr'>populos</span> <span class='ocrx_word' id='word_1_103' title='bbox 1407 993 1502 1020; x_wconf 88' lang='lat' dir='ltr'>con-</span> 
     </span>
     <span class='ocr_line' id='line_1_16' title="bbox 155 1037 1503 1092; baseline -0.001 -13"><span class='ocrx_word' id='word_1_104' title='bbox 155 1039 290 1079; x_wconf 89' lang='lat' dir='ltr'>tentio</span> <span class='ocrx_word' id='word_1_105' title='bbox 324 1038 504 1079; x_wconf 86' lang='lat' dir='ltr'>nefanda</span> <span class='ocrx_word' id='word_1_106' title='bbox 537 1038 766 1079; x_wconf 83' lang='lat' dir='ltr'>collideret.</span> <span class='ocrx_word' id='word_1_107' title='bbox 830 1041 929 1078; x_wconf 89' lang='lat' dir='ltr'>tunc</span> <span class='ocrx_word' id='word_1_108' title='bbox 956 1037 1138 1078; x_wconf 84' lang='lat' dir='ltr'>Vrsinus</span> <span class='ocrx_word' id='word_1_109' title='bbox 1171 1038 1404 1092; x_wconf 86' lang='lat' dir='ltr'>episcopus,</span> <span class='ocrx_word' id='word_1_110' title='bbox 1435 1037 1503 1078; x_wconf 86' lang='lat' dir='ltr'>uir</span> 
     </span>
     <span class='ocr_line' id='line_1_17' title="bbox 157 1096 1503 1150; baseline -0.001 -12"><span class='ocrx_word' id='word_1_111' title='bbox 157 1100 328 1138; x_wconf 90' lang='lat' dir='ltr'>sanctus</span> <span class='ocrx_word' id='word_1_112' title='bbox 367 1100 409 1138; x_wconf 90' lang='lat' dir='ltr'>et</span> <span class='ocrx_word' id='word_1_113' title='bbox 446 1098 536 1138; x_wconf 89' lang='lat' dir='ltr'>sine</span> <span class='ocrx_word' id='word_1_114' title='bbox 575 1097 769 1150; x_wconf 89' lang='lat' dir='ltr'>crimine,</span> <span class='ocrx_word' id='word_1_115' title='bbox 814 1097 1036 1137; x_wconf 87' lang='lat' dir='ltr'>consulens</span> <span class='ocrx_word' id='word_1_116' title='bbox 1073 1096 1209 1150; x_wconf 89' lang='lat' dir='ltr'>plebi,</span> <span class='ocrx_word' id='word_1_117' title='bbox 1254 1097 1429 1137; x_wconf 84' lang='lat' dir='ltr'>tradidit</span> <span class='ocrx_word' id='word_1_118' title='bbox 1460 1111 1503 1137; x_wconf 89' lang='lat' dir='ltr'>se</span> 
     </span>
     <span class='ocr_line' id='line_1_18' title="bbox 156 1155 1502 1210; baseline 0 -14"><span class='ocrx_word' id='word_1_119' title='bbox 156 1156 355 1197; x_wconf 87' lang='lat' dir='ltr'>manibus</span> <span class='ocrx_word' id='word_1_120' title='bbox 393 1156 639 1210; x_wconf 89' lang='lat' dir='ltr'>iniquorum</span> <span class='ocrx_word' id='word_1_121' title='bbox 678 1158 719 1196; x_wconf 88' lang='lat' dir='ltr'>et</span> <span class='ocrx_word' id='word_1_122' title='bbox 760 1155 862 1197; x_wconf 89' lang='lat' dir='ltr'>XVI</span> <span class='ocrx_word' id='word_1_123' title='bbox 902 1156 984 1196; x_wconf 83' lang='lat' dir='ltr'>kal.</span> <span class='ocrx_word' id='word_1_124' title='bbox 1022 1155 1278 1197; x_wconf 88' lang='lat' dir='ltr'>Decembres</span> <span class='ocrx_word' id='word_1_125' title='bbox 1319 1156 1502 1196; x_wconf 88' lang='lat' dir='ltr'>iussione</span> 
     </span>
     <span class='ocr_line' id='line_1_19' title="bbox 159 1215 1504 1270; baseline -0.001 -14"><span class='ocrx_word' id='word_1_126' title='bbox 159 1216 430 1270; x_wconf 87' lang='lat' dir='ltr'>imperatoris</span> <span class='ocrx_word' id='word_1_127' title='bbox 470 1215 522 1255; x_wconf 90' lang='lat' dir='ltr'>ad</span> <span class='ocrx_word' id='word_1_128' title='bbox 561 1215 736 1256; x_wconf 82' lang='lat' dir='ltr'>exilium</span> <span class='ocrx_word' id='word_1_129' title='bbox 768 1218 918 1269; x_wconf 89' lang='lat' dir='ltr'>sponte</span> <span class='ocrx_word' id='word_1_130' title='bbox 949 1215 1208 1269; x_wconf 87' lang='lat' dir='ltr'>properauit.</span> <span class='ocrx_word' id='word_1_131' title='bbox 1270 1215 1342 1256; x_wconf 89' lang='lat' dir='ltr'>sed</span> <span class='ocrx_word' id='word_1_132' title='bbox 1374 1229 1504 1269; x_wconf 88' lang='lat' dir='ltr'>popu—</span> 
     </span>
     <span class='ocr_line' id='line_1_20' title="bbox 156 1273 1505 1330; baseline -0.001 -14"><span class='ocrx_word' id='word_1_133' title='bbox 156 1275 224 1316; x_wconf 92' lang='lat' dir='ltr'>lus</span> <span class='ocrx_word' id='word_1_134' title='bbox 262 1275 418 1316; x_wconf 88' lang='lat' dir='ltr'>timens</span> <span class='ocrx_word' id='word_1_135' title='bbox 457 1274 582 1315; x_wconf 90' lang='lat' dir='ltr'>deum</span> <span class='ocrx_word' id='word_1_136' title='bbox 624 1274 838 1328; x_wconf 88' lang='lat' dir='ltr'>nullisque</span> <span class='ocrx_word' id='word_1_137' title='bbox 879 1273 1246 1328; x_wconf 79' lang='lat' dir='ltr'>persecutionibus</span> <span class='ocrx_word' id='word_1_138' title='bbox 1289 1274 1505 1330; x_wconf 86' lang='lat' dir='ltr'>fatigatus,</span> 
     </span>
     <span class='ocr_line' id='line_1_21' title="bbox 156 1332 1505 1389; baseline -0.001 -14"><span class='ocrx_word' id='word_1_139' title='bbox 156 1349 245 1376; x_wconf 87' lang='lat' dir='ltr'>non</span> <span class='ocrx_word' id='word_1_140' title='bbox 276 1334 595 1388; x_wconf 86' lang='lat' dir='ltr'>imperatorem,</span> <span class='ocrx_word' id='word_1_141' title='bbox 635 1348 722 1375; x_wconf 91' lang='lat' dir='ltr'>non</span> <span class='ocrx_word' id='word_1_142' title='bbox 754 1334 936 1374; x_wconf 88' lang='lat' dir='ltr'>iudicem</span> <span class='ocrx_word' id='word_1_143' title='bbox 948 1332 982 1389; x_wconf 76' lang='lat'>3)</span> <span class='ocrx_word' id='word_1_144' title='bbox 1014 1347 1090 1374; x_wconf 89' lang='lat' dir='ltr'>nec</span> <span class='ocrx_word' id='word_1_145' title='bbox 1122 1334 1263 1387; x_wconf 91' lang='lat' dir='ltr'>ipsum</span> <span class='ocrx_word' id='word_1_146' title='bbox 1289 1335 1505 1374; x_wconf 88' lang='lat' dir='ltr'>auctorem</span> 
     </span>
     <span class='ocr_line' id='line_1_22' title="bbox 156 1392 1504 1446; baseline -0.001 -11"><span class='ocrx_word' id='word_1_147' title='bbox 156 1393 364 1435; x_wconf 91' lang='lat' dir='ltr'>scelerum</span> <span class='ocrx_word' id='word_1_148' title='bbox 397 1396 438 1434; x_wconf 90' lang='lat' dir='ltr'>et</span> <span class='ocrx_word' id='word_1_149' title='bbox 470 1393 728 1434; x_wconf 84' lang='lat' dir='ltr'>homicidam</span> <span class='ocrx_word' id='word_1_150' title='bbox 760 1392 991 1434; x_wconf 88' lang='lat' dir='ltr'>Damasum</span> <span class='ocrx_word' id='word_1_151' title='bbox 1024 1393 1186 1446; x_wconf 87' lang='lat' dir='ltr'>timuit,</span> <span class='ocrx_word' id='word_1_152' title='bbox 1218 1392 1291 1433; x_wconf 89' lang='lat' dir='ltr'>sed</span> <span class='ocrx_word' id='word_1_153' title='bbox 1315 1407 1391 1446; x_wconf 88' lang='lat' dir='ltr'>per</span> <span class='ocrx_word' id='word_1_154' title='bbox 1416 1406 1504 1433; x_wconf 89' lang='lat' dir='ltr'>coe-</span> 
     </span>
     <span class='ocr_line' id='line_1_23' title="bbox 160 1451 1505 1506; baseline -0.001 -13"><span class='ocrx_word' id='word_1_155' title='bbox 160 1453 337 1494; x_wconf 88' lang='lat' dir='ltr'>meteria</span> <span class='ocrx_word' id='word_1_156' title='bbox 382 1455 620 1506; x_wconf 84' lang='lat' dir='ltr'>martyrum</span> <span class='ocrx_word' id='word_1_157' title='bbox 664 1452 868 1493; x_wconf 84' lang='lat' dir='ltr'>stationes</span> <span class='ocrx_word' id='word_1_158' title='bbox 912 1453 1001 1492; x_wconf 87' lang='lat' dir='ltr'>sine</span> <span class='ocrx_word' id='word_1_159' title='bbox 1046 1452 1209 1492; x_wconf 88' lang='lat' dir='ltr'>clericis</span> <span class='ocrx_word' id='word_1_160' title='bbox 1253 1451 1505 1492; x_wconf 85' lang='lat' dir='ltr'>celebrabat.</span> 
     </span>
     <span class='ocr_line' id='line_1_24' title="bbox 159 1510 1506 1566; baseline -0.001 -14"><span class='ocrx_word' id='word_1_161' title='bbox 159 1512 271 1552; x_wconf 91' lang='lat' dir='ltr'>unde</span> <span class='ocrx_word' id='word_1_162' title='bbox 303 1526 400 1553; x_wconf 91' lang='lat' dir='ltr'>cum</span> <span class='ocrx_word' id='word_1_163' title='bbox 433 1511 485 1552; x_wconf 88' lang='lat' dir='ltr'>ad</span> <span class='ocrx_word' id='word_1_164' title='bbox 516 1514 705 1552; x_wconf 88' lang='lat' dir='ltr'>sanctam</span> <span class='ocrx_word' id='word_1_165' title='bbox 731 1510 885 1566; x_wconf 86' lang='lat' dir='ltr'>Agnen</span> <span class='ocrx_word' id='word_1_166' title='bbox 917 1511 1041 1551; x_wconf 91' lang='lat' dir='ltr'>multi</span> <span class='ocrx_word' id='word_1_167' title='bbox 1073 1511 1262 1551; x_wconf 90' lang='lat' dir='ltr'>fidelium</span> <span class='ocrx_word' id='word_1_168' title='bbox 1289 1510 1506 1551; x_wconf 88' lang='lat' dir='ltr'>conuenis—</span> 
     </span>
     <span class='ocr_line' id='line_1_25' title="bbox 158 1569 1508 1624; baseline -0.002 -12"><span class='ocrx_word' id='word_1_169' title='bbox 158 1573 273 1624; x_wconf 89' lang='lat' dir='ltr'>sent,</span> <span class='ocrx_word' id='word_1_170' title='bbox 305 1573 493 1611; x_wconf 90' lang='lat' dir='ltr'>armatns</span> <span class='ocrx_word' id='word_1_171' title='bbox 533 1584 628 1611; x_wconf 89' lang='lat' dir='ltr'>cum</span> <span class='ocrx_word' id='word_1_172' title='bbox 660 1570 917 1611; x_wconf 88' lang='lat' dir='ltr'>satellitibus</span> <span class='ocrx_word' id='word_1_173' title='bbox 949 1570 1036 1610; x_wconf 90' lang='lat' dir='ltr'>suis</span> <span class='ocrx_word' id='word_1_174' title='bbox 1068 1569 1276 1610; x_wconf 88' lang='lat' dir='ltr'>Damasus</span> <span class='ocrx_word' id='word_1_175' title='bbox 1309 1570 1433 1610; x_wconf 84' lang='lat' dir='ltr'>irruit</span> <span class='ocrx_word' id='word_1_176' title='bbox 1466 1572 1508 1610; x_wconf 91' lang='lat' dir='ltr'>et</span> 
     </span>
     <span class='ocr_line' id='line_1_26' title="bbox 161 1628 1507 1685; baseline -0.001 -14"><span class='ocrx_word' id='word_1_177' title='bbox 161 1630 370 1685; x_wconf 88' lang='lat' dir='ltr'>plurimos</span> <span class='ocrx_word' id='word_1_178' title='bbox 402 1629 654 1670; x_wconf 88' lang='lat' dir='ltr'>uastationis</span> <span class='ocrx_word' id='word_1_179' title='bbox 686 1644 784 1670; x_wconf 83' lang='lat' dir='ltr'>suae</span> <span class='ocrx_word' id='word_1_180' title='bbox 817 1631 957 1685; x_wconf 87' lang='lat' dir='ltr'>strage</span> <span class='ocrx_word' id='word_1_181' title='bbox 990 1629 1152 1669; x_wconf 87' lang='lat' dir='ltr'>deiecit.</span> <span class='ocrx_word' id='word_1_182' title='bbox 1203 1629 1317 1682; x_wconf 90' lang='lat' dir='ltr'>quod</span> <span class='ocrx_word' id='word_1_183' title='bbox 1348 1628 1507 1669; x_wconf 85' lang='lat' dir='ltr'>factum</span> 
     </span>
     <span class='ocr_line' id='line_1_27' title="bbox 160 1687 1508 1743; baseline -0.001 -13"><span class='ocrx_word' id='word_1_184' title='bbox 160 1688 500 1731; x_wconf 88' lang='lat' dir='ltr'>crudelissimum</span> <span class='ocrx_word' id='word_1_185' title='bbox 532 1688 659 1729; x_wconf 82' lang='lat' dir='ltr'>nimis</span> <span class='ocrx_word' id='word_1_186' title='bbox 692 1689 900 1743; x_wconf 90' lang='lat' dir='ltr'>episcopis</span> <span class='ocrx_word' id='word_1_187' title='bbox 925 1687 1073 1729; x_wconf 86' lang='lat' dir='ltr'>Italiae</span> <span class='ocrx_word' id='word_1_188' title='bbox 1101 1687 1362 1742; x_wconf 87' lang='lat' dir='ltr'>displicebat.</span> <span class='ocrx_word' id='word_1_189' title='bbox 1402 1700 1508 1741; x_wconf 88' lang='lat' dir='ltr'>quos</span> 
     </span>
     <span class='ocr_line' id='line_1_28' title="bbox 163 1747 1510 1789; baseline -0.001 0"><span class='ocrx_word' id='word_1_190' title='bbox 163 1748 291 1789; x_wconf 88' lang='lat' dir='ltr'>etiam</span> <span class='ocrx_word' id='word_1_191' title='bbox 333 1762 429 1789; x_wconf 90' lang='lat' dir='ltr'>cum</span> <span class='ocrx_word' id='word_1_192' title='bbox 471 1748 523 1788; x_wconf 89' lang='lat' dir='ltr'>ad</span> <span class='ocrx_word' id='word_1_193' title='bbox 563 1747 703 1788; x_wconf 87' lang='lat' dir='ltr'>natale</span> <span class='ocrx_word' id='word_1_194' title='bbox 745 1762 868 1788; x_wconf 90' lang='lat' dir='ltr'>suum</span> <span class='ocrx_word' id='word_1_195' title='bbox 907 1747 1170 1788; x_wconf 90' lang='lat' dir='ltr'>sollemniter</span> <span class='ocrx_word' id='word_1_196' title='bbox 1208 1747 1430 1787; x_wconf 89' lang='lat' dir='ltr'>inuitasset</span> <span class='ocrx_word' id='word_1_197' title='bbox 1468 1748 1510 1787; x_wconf 87' lang='lat' dir='ltr'>et</span> 
     </span>
     <span class='ocr_line' id='line_1_29' title="bbox 162 1805 1508 1861; baseline -0.001 -13"><span class='ocrx_word' id='word_1_198' title='bbox 162 1808 360 1849; x_wconf 87' lang='lat' dir='ltr'>nonnulli</span> <span class='ocrx_word' id='word_1_199' title='bbox 393 1807 691 1848; x_wconf 89' lang='lat' dir='ltr'>conuenissent</span> <span class='ocrx_word' id='word_1_200' title='bbox 723 1821 774 1847; x_wconf 82' lang='lat' dir='ltr'>ex</span> <span class='ocrx_word' id='word_1_201' title='bbox 806 1807 883 1861; x_wconf 89' lang='lat' dir='ltr'>eis,</span> <span class='ocrx_word' id='word_1_202' title='bbox 915 1806 1111 1861; x_wconf 86' lang='lat' dir='ltr'>precibus</span> <span class='ocrx_word' id='word_1_203' title='bbox 1144 1806 1256 1860; x_wconf 90' lang='lat' dir='ltr'>apud</span> <span class='ocrx_word' id='word_1_204' title='bbox 1287 1820 1358 1847; x_wconf 89' lang='lat' dir='ltr'>eos</span> <span class='ocrx_word' id='word_1_205' title='bbox 1389 1805 1508 1846; x_wconf 90' lang='lat' dir='ltr'>moli-</span> 
     </span>
     <span class='ocr_line' id='line_1_30' title="bbox 165 1864 1508 1921; baseline -0.001 -14"><span class='ocrx_word' id='word_1_206' title='bbox 165 1870 237 1908; x_wconf 88' lang='lat' dir='ltr'>tur</span> <span class='ocrx_word' id='word_1_207' title='bbox 269 1869 311 1907; x_wconf 88' lang='lat' dir='ltr'>et</span> <span class='ocrx_word' id='word_1_208' title='bbox 342 1867 492 1921; x_wconf 84' lang='lat' dir='ltr'>pretio,</span> <span class='ocrx_word' id='word_1_209' title='bbox 524 1868 572 1907; x_wconf 92' lang='lat' dir='ltr'>ut</span> <span class='ocrx_word' id='word_1_210' title='bbox 603 1867 858 1907; x_wconf 87' lang='lat' dir='ltr'>sententiam</span> <span class='ocrx_word' id='word_1_211' title='bbox 891 1866 934 1906; x_wconf 87' lang='lat' dir='ltr'>in</span> <span class='ocrx_word' id='word_1_212' title='bbox 966 1868 1159 1907; x_wconf 88' lang='lat' dir='ltr'>sanctum</span> <span class='ocrx_word' id='word_1_213' title='bbox 1185 1864 1389 1906; x_wconf 88' lang='lat' dir='ltr'>Vrsinum</span> <span class='ocrx_word' id='word_1_214' title='bbox 1415 1878 1508 1919; x_wconf 93' lang='lat' dir='ltr'>pro-</span> 
     </span>
     <span class='ocr_line' id='line_1_31' title="bbox 164 1924 1511 1980; baseline -0.002 -13"><span class='ocrx_word' id='word_1_215' title='bbox 164 1926 314 1967; x_wconf 87' lang='lat' dir='ltr'>ferant.</span> <span class='ocrx_word' id='word_1_216' title='bbox 372 1926 446 1980; x_wconf 91' lang='lat' dir='ltr'>qui</span> <span class='ocrx_word' id='word_1_217' title='bbox 478 1925 804 1979; x_wconf 83' lang='lat' dir='ltr'>responderunt:</span> <span class='ocrx_word' id='word_1_218' title='bbox 838 1925 935 1966; x_wconf 78' lang='lat' dir='ltr'>enos</span> <span class='ocrx_word' id='word_1_219' title='bbox 968 1925 1020 1966; x_wconf 90' lang='lat' dir='ltr'>ad</span> <span class='ocrx_word' id='word_1_220' title='bbox 1050 1925 1190 1965; x_wconf 87' lang='lat' dir='ltr'>natale</span> <span class='ocrx_word' id='word_1_221' title='bbox 1223 1924 1511 1977; x_wconf 89' lang='lat' dir='ltr'>conuenimus,</span> 
     </span>
     <span class='ocr_line' id='line_1_32' title="bbox 164 1983 1509 2038; baseline -0.001 -13"><span class='ocrx_word' id='word_1_222' title='bbox 164 1999 250 2026; x_wconf 90' lang='lat' dir='ltr'>non</span> <span class='ocrx_word' id='word_1_223' title='bbox 282 1987 331 2026; x_wconf 91' lang='lat' dir='ltr'>ut</span> <span class='ocrx_word' id='word_1_224' title='bbox 363 1984 602 2025; x_wconf 88' lang='lat' dir='ltr'>inauditum</span> <span class='ocrx_word' id='word_1_225' title='bbox 635 1983 914 2025; x_wconf 82' lang='lat' dir='ltr'>damnemus’.</span> <span class='ocrx_word' id='word_1_226' title='bbox 954 1985 1013 2025; x_wconf 90' lang='lat' dir='ltr'>ita</span> <span class='ocrx_word' id='word_1_227' title='bbox 1044 1999 1176 2038; x_wconf 89' lang='lat' dir='ltr'>praua</span> <span class='ocrx_word' id='word_1_228' title='bbox 1208 1984 1297 2024; x_wconf 87' lang='lat' dir='ltr'>eius</span> <span class='ocrx_word' id='word_1_229' title='bbox 1329 1983 1509 2024; x_wconf 88' lang='lat' dir='ltr'>intentio</span> 
     </span>
     <span class='ocr_line' id='line_1_33' title="bbox 164 2042 1510 2098; baseline -0.002 -13"><span class='ocrx_word' id='word_1_230' title='bbox 164 2044 301 2085; x_wconf 87' lang='lat' dir='ltr'>caruit</span> <span class='ocrx_word' id='word_1_231' title='bbox 333 2058 416 2098; x_wconf 91' lang='lat' dir='ltr'>quo</span> <span class='ocrx_word' id='word_1_232' title='bbox 449 2043 667 2084; x_wconf 86' lang='lat' dir='ltr'>nitebatur</span> <span class='ocrx_word' id='word_1_233' title='bbox 699 2044 861 2085; x_wconf 87' lang='lat' dir='ltr'>effectu.</span> <span class='ocrx_word' id='word_1_234' title='bbox 924 2043 1073 2084; x_wconf 85' lang='lat' dir='ltr'>exinde</span> <span class='ocrx_word' id='word_1_235' title='bbox 1105 2042 1342 2097; x_wconf 76' lang='lat' dir='ltr'>presbyteri</span> <span class='ocrx_word' id='word_1_236' title='bbox 1376 2042 1510 2083; x_wconf 89' lang='lat' dir='ltr'>diuer-</span> 
     </span>
    </p>
   </div>
   <div class='ocr_carea' id='block_1_4' title="bbox 167 2194 1513 2381">
    <p class='ocr_par' dir='ltr' id='par_1_4' title="bbox 264 2194 785 2239">
     <span class='ocr_line' id='line_1_34' title="bbox 264 2194 785 2239; baseline 0 -10"><span class='ocrx_word' id='word_1_237' title='bbox 264 2197 297 2239; x_wconf 86' lang='lat'>1)</span> <span class='ocrx_word' id='word_1_238' title='bbox 324 2206 396 2229; x_wconf 79' lang='lat' dir='ltr'>uox</span> <span class='ocrx_word' id='word_1_239' title='bbox 421 2194 620 2230; x_wconf 81' lang='lat' dir='ltr'>inserenda</span> <span class='ocrx_word' id='word_1_240' title='bbox 646 2194 785 2230; x_wconf 83' lang='lat' dir='ltr'>lexicis.</span> 
     </span>
    </p>

    <p class='ocr_par' dir='ltr' id='par_1_5' title="bbox 262 2245 462 2286">
     <span class='ocr_line' id='line_1_35' title="bbox 262 2245 462 2286; baseline 0 -10"><span class='ocrx_word' id='word_1_241' title='bbox 262 2245 296 2286; x_wconf 80' lang='lat'>2)</span> <span class='ocrx_word' id='word_1_242' title='bbox 323 2254 355 2277; x_wconf 78' lang='lat' dir='ltr'>a.</span> <span class='ocrx_word' id='word_1_243' title='bbox 384 2246 462 2277; x_wconf 82' lang='lat'>367.</span> 
     </span>
    </p>

    <p class='ocr_par' dir='ltr' id='par_1_6' title="bbox 167 2287 1513 2381">
     <span class='ocr_line' id='line_1_36' title="bbox 261 2287 1510 2335; baseline -0.002 -11"><span class='ocrx_word' id='word_1_244' title='bbox 261 2293 296 2335; x_wconf 88' lang='lat'>3)</span> <span class='ocrx_word' id='word_1_245' title='bbox 322 2289 558 2335; x_wconf 84' lang='lat' dir='ltr'>praefectura</span> <span class='ocrx_word' id='word_1_246' title='bbox 573 2289 675 2323; x_wconf 84' lang='lat' dir='ltr'>urbis</span> <span class='ocrx_word' id='word_1_247' title='bbox 690 2291 778 2323; x_wconf 88' lang='lat' dir='ltr'>tunc</span> <span class='ocrx_word' id='word_1_248' title='bbox 794 2290 1055 2324; x_wconf 81' lang='lat' dir='ltr'>Praetextatus</span> <span class='ocrx_word' id='word_1_249' title='bbox 1069 2288 1304 2333; x_wconf 84' lang='lat' dir='ltr'>fungebatur.</span> <span class='ocrx_word' id='word_1_250' title='bbox 1332 2287 1376 2322; x_wconf 86' lang='lat' dir='ltr'>cf.</span> <span class='ocrx_word' id='word_1_251' title='bbox 1393 2288 1510 2322; x_wconf 87' lang='lat' dir='ltr'>Amm.</span> 
     </span>
     <span class='ocr_line' id='line_1_37' title="bbox 167 2335 1513 2381; baseline -0.002 -10"><span class='ocrx_word' id='word_1_252' title='bbox 167 2337 331 2372; x_wconf 84' lang='lat' dir='ltr'>Marcell.</span> <span class='ocrx_word' id='word_1_253' title='bbox 355 2337 491 2371; x_wconf 87' lang='lat' dir='ltr'>XXVII</span> <span class='ocrx_word' id='word_1_254' title='bbox 519 2341 550 2381; x_wconf 87' lang='lat'>9,</span> <span class='ocrx_word' id='word_1_255' title='bbox 572 2340 602 2372; x_wconf 90' lang='lat'>9.</span> <span class='ocrx_word' id='word_1_256' title='bbox 644 2337 759 2371; x_wconf 79' lang='lat' dir='ltr'>Seeck</span> <span class='ocrx_word' id='word_1_257' title='bbox 785 2337 924 2381; x_wconf 88' lang='lat' dir='ltr'>proleg.</span> <span class='ocrx_word' id='word_1_258' title='bbox 952 2337 991 2370; x_wconf 88' lang='lat' dir='ltr'>in</span> <span class='ocrx_word' id='word_1_259' title='bbox 1018 2336 1152 2380; x_wconf 84' lang='lat' dir='ltr'>Symm.</span> <span class='ocrx_word' id='word_1_260' title='bbox 1179 2348 1212 2380; x_wconf 88' lang='lat' dir='ltr'>p.</span> <span class='ocrx_word' id='word_1_261' title='bbox 1235 2335 1419 2369; x_wconf 83' lang='lat' dir='ltr'>LXXXIII</span> <span class='ocrx_word' id='word_1_262' title='bbox 1433 2346 1513 2378; x_wconf 88' lang='lat' dir='ltr'>sqq.</span> 
     </span>
    </p>
   </div>
  </div>
 </body>
</html>
