1636 2593
604 103 900 139 TESTIMONIA
1271 106 1424 141 XXXIII

89 215 124 256 I
148 211 428 266 Temporibus
463 210 700 252 Constantii
732 211 1009 266 imperatoris,
1041 213 1119 253 filii
1147 212 1426 268 Constantini,

90 272 235 313 durior
279 273 372 312 orta
416 272 479 310 est
521 269 756 324 persecutio
804 269 1139 312 Christianorum
1187 272 1239 313 ab
1284 273 1425 326 impiis

87 330 312 372 haereticis
343 328 536 369 Arrianis
569 330 779 368 annuente
814 328 1060 370 Constantio
1068 364 1078 383 ,
1117 332 1190 384 qui
1223 334 1263 372 et
1294 330 1425 372 Atha—

89 389 255 431 nasium
287 388 531 442 episcopum
557 386 822 427 resistentem
847 387 1068 429 haereticis
1094 392 1337 443 persecutus
1364 393 1425 430 est

89 451 130 489 et
173 450 221 488 ut
265 447 535 488 damnaretur
579 445 631 486 ab
683 446 879 486 omnibus
931 447 1137 501 episcopis
1187 449 1423 502 imperauit.

87 507 202 561 quod
233 506 361 547 etiam
392 507 508 546 metu
540 503 745 558 principis
777 505 912 545 facere
938 508 1253 560 temptauerunt
1280 521 1423 547 omnes

89 565 247 620 ubique
279 564 501 619 pontifices
527 562 765 604 inauditum
792 563 1142 619 innocentemque
1169 565 1426 606 damnantes.

89 625 162 665 sed
192 624 387 665 Liberius
425 622 642 663 Romanus
681 622 901 676 episcopus
940 626 980 663 et
1017 623 1227 664 Eusebius
1258 623 1424 664 Vercel-

88 683 215 724 lensis
259 685 301 723 et
338 681 508 722 Lucifer
547 680 811 721 Caralitanus
850 684 891 721 et
929 681 1119 722 Hilarius
1162 682 1424 723 Pictauensis

90 742 187 783 dare
225 741 479 783 sententiam
510 740 750 781 noluerunt.
811 739 857 780 hi
890 754 989 795 ergo
1023 741 1252 781 mittuntur
1283 742 1326 781 in
1359 756 1425 782 ex-

89 800 212 842 ilium
248 814 325 854 pro
363 799 445 840 fide
484 798 701 840 seruanda.
765 812 859 838 cum
899 798 1068 840 Liberio
1101 798 1308 840 Damasus
1341 800 1423 840 dia-

89 857 261 914 conusl)
295 859 384 899 eius
416 872 459 899 se
491 857 664 898 simulat
696 857 924 911 proficisci3
956 857 1065 898 unde
1092 858 1258 914 fugiens
1285 859 1333 899 de
1360 859 1426 899 iti-

88 933 187 959 nere
224 917 406 958 Romam
443 917 569 957 rediit
608 915 840 957 ambitione
881 919 1114 970 corruptus.
1177 917 1249 957 sed
1280 931 1327 957 eo
1362 917 1426 957 die

88 991 172 1030 quo
198 976 393 1017 Liberius
420 975 473 1016 ad
498 975 673 1016 exilium
698 975 1046 1029 proficiscebatur
1056 974 1101 1029 2),
1128 975 1263 1016 clerus
1290 976 1426 1016 omnis

88 1035 131 1075 id
169 1038 231 1075 est
268 1035 506 1089 presbyteri
544 1037 585 1075 et
623 1033 943 1075 archidiaconus
981 1033 1100 1075 Felix
1140 1038 1181 1075 et
1219 1035 1306 1088 ipse
1346 1034 1426 1074 Da-

87 1108 228 1134 masus
261 1094 462 1134 diaconus
500 1096 541 1134 et
573 1095 723 1134 cuncta
756 1093 952 1134 ecclesiae
986 1093 1143 1148 officia,
1176 1108 1320 1134 omnes
1357 1108 1425 1147 pa—

85 1153 190 1194 riter
220 1155 439 1206 praesente
471 1151 629 1206 populo
656 1151 849 1192 Romano
882 1151 960 1192 sub
988 1152 1256 1193 iureiurando
1289 1152 1426 1192 firma-

85 1214 240 1252 uerunt
281 1226 323 1252 se
365 1212 538 1251 uiuente
575 1210 746 1251 Liberio
787 1211 1033 1264 pontificem
1074 1211 1254 1252 alterum
1294 1211 1425 1251 nulla—

86 1272 210 1310 tenus
248 1270 482 1310 habituros.
544 1269 617 1309 sed
656 1269 792 1310 clerus
818 1272 965 1310 contra
996 1270 1076 1323 fas,
1109 1270 1221 1323 quod
1252 1270 1426 1310 minime

88 1328 278 1382 decebat,
317 1342 413 1369 cum
451 1342 616 1368 summo
654 1328 831 1382 periurii
863 1328 1034 1382 scelere,
1072 1328 1254 1369 Felicem
1294 1328 1426 1369 archi-

87 1387 311 1428 diaconum
362 1386 603 1427 ordinatum
654 1387 697 1427 in
747 1386 888 1427 locum
932 1386 1091 1428 Liberii
1141 1390 1425 1441 susceperunt.

88 1446 202 1500 quod
239 1446 398 1486 factum
437 1446 634 1486 uniuerso
667 1446 824 1499 populo
858 1446 1072 1500 displicuit
1105 1448 1146 1486 et
1177 1461 1219 1487 se
1252 1446 1303 1486 ab
1336 1446 1425 1487 eius

86 1505 352 1559 processione
385 1504 613 1558 suspendit.
670 1507 766 1558 post
798 1519 928 1545 annos
961 1505 1064 1545 duos
1096 1505 1213 1546 uenit
1244 1504 1424 1546 Romam

89 1563 379 1617 Constantius,
420 1577 497 1617 pro
530 1562 701 1603 Liberio
740 1566 915 1618 rogatur
947 1578 970 1604 a
1002 1564 1177 1617 populo,
1221 1564 1294 1617 qui
1325 1578 1425 1605 mox

88 1637 277 1663 annuens
321 1622 397 1663 ait:
443 1621 630 1662 ‘habetis
668 1621 904 1677 Liberium,
948 1622 1021 1676 qui
1063 1622 1197 1676 qualis
1239 1637 1262 1662 a
1302 1622 1424 1663 uobis

87 1681 302 1736 profectus
335 1683 418 1735 est,
449 1681 601 1721 melior
632 1681 901 1722 reuertetur’.
963 1681 1044 1722 hoe
1076 1684 1215 1722 autem
1249 1681 1297 1722 de
1330 1695 1423 1722 con-

89 1754 214 1781 sensu
259 1741 366 1794 eius,
412 1754 495 1793 quo
539 1754 689 1780 manus
732 1740 932 1794 perfidiae
971 1740 1157 1795 dederat,
1200 1740 1423 1781 indicabat.

87 1799 214 1840 tertio
260 1814 368 1839 anno
414 1799 523 1839 redit
567 1798 778 1853 Liberius,
823 1799 890 1839 cui
929 1798 1105 1839 obuians
1143 1813 1238 1839 cum
1269 1799 1423 1853 gaudio

86 1858 270 1912 populus
295 1857 513 1899 Romanus
545 1856 727 1913 exiuit.3)
770 1857 890 1898 Felix
920 1860 1091 1899 notatus
1123 1872 1146 1898 a
1177 1860 1325 1898 senatu
1356 1858 1426 1898 uel

85 1917 243 1970 populo
286 1917 334 1957 de
376 1916 480 1957 urbe
520 1916 776 1971 propellitur
817 1919 858 1957 et
897 1919 994 1970 post
1030 1931 1180 1971 parum
1221 1917 1424 1970 temporis

88 2043 224 2079 Christi
258 2045 385 2088 fauore
424 2045 632 2089 refflzabitis.
680 2045 946 2079 Mareellicmus
978 2044 1068 2088 prbr
1094 2045 1225 2079 obtuli.
1272 2065 1314 2069 —
1352 2045 1423 2078 Res

86 2093 211 2136 gestas
238 2093 413 2126 enarrant
438 2092 588 2136 praeter
614 2091 708 2126 alios
734 2091 910 2136 Iosephus
936 2091 1087 2135 Langen
1114 2090 1334 2126 Geschichte
1361 2091 1425 2125 der

86 2149 198 2173 roem.
237 2138 371 2173 Kirche
410 2150 444 2182 p.
467 2142 533 2172 471
552 2150 629 2182 sqq.
670 2142 738 2173 495
753 2150 830 2182 sqq.
881 2138 1063 2173 Martinus
1101 2138 1204 2173 Rade
1242 2138 1423 2173 Damasus

84 2197 119 2229 p.
148 2189 166 2219 7
189 2197 266 2229 sqq.

181 2246 214 2289 1)
240 2244 285 2279 cf.
313 2244 427 2289 epigr.
455 2256 491 2281 n.
513 2248 567 2279 57.

179 2293 214 2335 2)
241 2302 273 2325 a.
301 2295 379 2326 355.

180 2340 214 2382 3)
242 2349 274 2372 a.
303 2342 381 2373 358.

155 2403 320 2437 DAMAsvs,
341 2404 385 2429 ed.
400 2404 415 2430 I
423 2405 443 2429 h
451 2412 479 2429 m
1194 2408 1211 2431 C
