<?xml version="1.0" encoding="UTF-8"?>
<!DOCTYPE html PUBLIC "-//W3C//DTD XHTML 1.0 Transitional//EN"
    "http://www.w3.org/TR/xhtml1/DTD/xhtml1-transitional.dtd">
<html xmlns="http://www.w3.org/1999/xhtml" xml:lang="en" lang="en">
 <head>
  <title>
</title>
<meta http-equiv="Content-Type" content="text/html;charset=utf-8" />
  <meta name='ocr-system' content='tesseract 3.04.00' />
  <meta name='ocr-capabilities' content='ocr_page ocr_carea ocr_par ocr_line ocrx_word'/>
</head>
<body>
  <div class='ocr_page' id='page_1' title='image "./damasiepigrammat00damauoft_0198.png"; bbox 0 0 1636 2593; ppageno 0'>
   <div class='ocr_carea' id='block_1_1' title="bbox 195 101 972 144">
    <p class='ocr_par' dir='ltr' id='par_1_1' title="bbox 195 101 972 144">
     <span class='ocr_line' id='line_1_1' title="bbox 195 101 972 144; baseline -0.012 0"><span class='ocrx_word' id='word_1_1' title='bbox 195 103 277 144; x_wconf 76' lang='grc'>142</span> <span class='ocrx_word' id='word_1_2' title='bbox 760 101 914 136; x_wconf 82' lang='lat' dir='ltr'>INDEX</span> <span class='ocrx_word' id='word_1_3' title='bbox 939 102 972 136; x_wconf 93' lang='lat' dir='ltr'><strong>V</strong></span> 
     </span>
    </p>
   </div>
   <div class='ocr_carea' id='block_1_2' title="bbox 405 207 1542 681">
    <p class='ocr_par' dir='ltr' id='par_1_2' title="bbox 405 207 1542 301">
     <span class='ocr_line' id='line_1_2' title="bbox 405 207 1542 253; baseline -0.001 -10"><span class='ocrx_word' id='word_1_4' title='bbox 405 213 447 243; x_wconf 89' lang='lat'>91</span> <span class='ocrx_word' id='word_1_5' title='bbox 500 219 648 243; x_wconf 86' lang='lat' dir='ltr'>carmen</span> <span class='ocrx_word' id='word_1_6' title='bbox 674 210 846 253; x_wconf 85' lang='lat' dir='ltr'>spectans</span> <span class='ocrx_word' id='word_1_7' title='bbox 879 209 928 243; x_wconf 83' lang='lat' dir='ltr'>ad</span> <span class='ocrx_word' id='word_1_8' title='bbox 952 208 1118 253; x_wconf 77' lang='lat' dir='ltr'><strong>picturas</strong></span> <span class='ocrx_word' id='word_1_9' title='bbox 1146 207 1306 253; x_wconf 76' lang='lat' dir='ltr'>sepulcri</span> <span class='ocrx_word' id='word_1_10' title='bbox 1332 220 1377 243; x_wconf 88' lang='lat' dir='ltr'>ss.</span> <span class='ocrx_word' id='word_1_11' title='bbox 1405 208 1542 243; x_wconf 89' lang='lat' dir='ltr'>Felicis</span> 
     </span>
     <span class='ocr_line' id='line_1_3' title="bbox 550 255 944 301; baseline 0.003 -12"><span class='ocrx_word' id='word_1_12' title='bbox 550 257 586 290; x_wconf 89' lang='lat' dir='ltr'>et</span> <span class='ocrx_word' id='word_1_13' title='bbox 612 255 778 301; x_wconf 83' lang='lat' dir='ltr'>Philippi</span> <span class='ocrx_word' id='word_1_14' title='bbox 805 256 862 300; x_wconf 80' lang='lat' dir='ltr'>(cf.</span> <span class='ocrx_word' id='word_1_15' title='bbox 884 258 944 300; x_wconf 83' lang='lat'>47)</span> 
     </span>
    </p>

    <p class='ocr_par' dir='ltr' id='par_1_3' title="bbox 405 303 1540 355">
     <span class='ocr_line' id='line_1_4' title="bbox 405 303 1540 355; baseline -0.001 -17"><span class='ocrx_word' id='word_1_16' title='bbox 405 307 448 338; x_wconf 81' lang='lat'>92</span> <span class='ocrx_word' id='word_1_17' title='bbox 501 303 703 355; x_wconf 77' lang='lat' dir='ltr'>Caelestini</span> <span class='ocrx_word' id='word_1_18' title='bbox 729 314 850 348; x_wconf 87' lang='lat' dir='ltr'>papae</span> <span class='ocrx_word' id='word_1_19' title='bbox 882 303 1117 348; x_wconf 77' lang='lat' dir='ltr'>epitaphium</span> <span class='ocrx_word' id='word_1_20' title='bbox 1148 303 1187 337; x_wconf 89' lang='lat' dir='ltr'>in</span> <span class='ocrx_word' id='word_1_21' title='bbox 1212 303 1435 338; x_wconf 89' lang='lat' dir='ltr'>coemeterio</span> <span class='ocrx_word' id='word_1_22' title='bbox 1461 303 1540 338; x_wconf 90' lang='lat' dir='ltr'>Pri-</span> 
     </span>
    </p>

    <p class='ocr_par' dir='ltr' id='par_1_4' title="bbox 405 351 1542 443">
     <span class='ocr_line' id='line_1_5' title="bbox 405 351 1542 443; baseline 0.001 -11"><span class='ocrx_word' id='word_1_23' title='bbox 405 402 449 432; x_wconf 88' lang='lat'>93</span> <span class='ocrx_word' id='word_1_24' title='bbox 501 351 788 443; x_wconf 42' lang='lat' dir='ltr'>Sijibliilazapae</span> <span class='ocrx_word' id='word_1_25' title='bbox 833 397 1067 443; x_wconf 74' lang='lat' dir='ltr'>epitaphium</span> <span class='ocrx_word' id='word_1_26' title='bbox 1110 397 1252 432; x_wconf 80' lang='lat' dir='ltr'>ibidem</span> <span class='ocrx_word' id='word_1_27' title='bbox 1297 397 1337 432; x_wconf 91' lang='lat' dir='ltr'>in</span> <span class='ocrx_word' id='word_1_28' title='bbox 1380 397 1542 433; x_wconf 84' lang='lat' dir='ltr'>basilica</span> 
     </span>
    </p>

    <p class='ocr_par' dir='ltr' id='par_1_5' title="bbox 407 445 1227 538">
     <span class='ocr_line' id='line_1_6' title="bbox 407 445 1227 538; baseline -0.001 -11"><span class='ocrx_word' id='word_1_29' title='bbox 407 497 451 528; x_wconf 68' lang='lat' dir='ltr'>9³c</span> <span class='ocrx_word' id='word_1_30' title='bbox 500 445 822 538; x_wconf 47' lang='grc' dir='ltr'>’12138311ῗέὲῖῖῖὶὶοΧ</span> <span class='ocrx_word' id='word_1_31' title='bbox 848 493 979 528; x_wconf 87' lang='lat' dir='ltr'>eodem</span> <span class='ocrx_word' id='word_1_32' title='bbox 1005 492 1227 527; x_wconf 83' lang='lat' dir='ltr'>coemeterio</span> 
     </span>
    </p>

    <p class='ocr_par' dir='ltr' id='par_1_6' title="bbox 405 539 1540 681">
     <span class='ocr_line' id='line_1_7' title="bbox 405 539 1540 585; baseline -0.001 -10"><span class='ocrx_word' id='word_1_33' title='bbox 405 545 448 575; x_wconf 89' lang='lat'>95</span> <span class='ocrx_word' id='word_1_34' title='bbox 500 551 649 575; x_wconf 85' lang='lat' dir='ltr'>carmen</span> <span class='ocrx_word' id='word_1_35' title='bbox 688 541 733 575; x_wconf 87' lang='lat' dir='ltr'>de</span> <span class='ocrx_word' id='word_1_36' title='bbox 766 543 896 585; x_wconf 86' lang='lat' dir='ltr'>crypta</span> <span class='ocrx_word' id='word_1_37' title='bbox 927 540 1103 584; x_wconf 86' lang='lat' dir='ltr'>martyris</span> <span class='ocrx_word' id='word_1_38' title='bbox 1141 539 1262 585; x_wconf 83' lang='lat' dir='ltr'>ignoti</span> <span class='ocrx_word' id='word_1_39' title='bbox 1300 539 1540 574; x_wconf 85' lang='lat' dir='ltr'>subiunctum</span> 
     </span>
     <span class='ocr_line' id='line_1_8' title="bbox 547 587 1540 633; baseline 0 -11"><span class='ocrx_word' id='word_1_40' title='bbox 547 587 740 633; x_wconf 89' lang='lat' dir='ltr'>epitaphio</span> <span class='ocrx_word' id='word_1_41' title='bbox 760 588 910 623; x_wconf 88' lang='lat' dir='ltr'>Mareae</span> <span class='ocrx_word' id='word_1_42' title='bbox 935 587 1146 632; x_wconf 84' lang='lat' dir='ltr'>presbyteri</span> <span class='ocrx_word' id='word_1_43' title='bbox 1172 587 1249 633; x_wconf 91' lang='lat' dir='ltr'>(uia</span> <span class='ocrx_word' id='word_1_44' title='bbox 1270 587 1415 622; x_wconf 84' lang='lat' dir='ltr'>Salaria</span> <span class='ocrx_word' id='word_1_45' title='bbox 1440 598 1540 622; x_wconf 87' lang='lat' dir='ltr'>noua</span> 
     </span>
     <span class='ocr_line' id='line_1_9' title="bbox 547 635 799 681; baseline 0.004 -12"><span class='ocrx_word' id='word_1_46' title='bbox 547 635 609 670; x_wconf 89' lang='lat' dir='ltr'>uel</span> <span class='ocrx_word' id='word_1_47' title='bbox 636 637 799 681; x_wconf 77' lang='lat' dir='ltr'>uetere?)</span> 
     </span>
    </p>
   </div>
   <div class='ocr_carea' id='block_1_3' title="bbox 226 694 1182 730">
    <p class='ocr_par' dir='ltr' id='par_1_7' title="bbox 226 694 1182 730">
     <span class='ocr_line' id='line_1_10' title="bbox 226 694 1182 730; baseline 0.001 -2"><span class='ocrx_word' id='word_1_48' title='bbox 226 694 277 728; x_wconf 83' lang='lat' dir='ltr'>XI</span> <span class='ocrx_word' id='word_1_49' title='bbox 302 694 417 729; x_wconf 80' lang='lat' dir='ltr'>VIAE</span> <span class='ocrx_word' id='word_1_50' title='bbox 443 694 678 729; x_wconf 87' lang='lat' dir='ltr'>PINCIANA</span> <span class='ocrx_word' id='word_1_51' title='bbox 703 695 765 729; x_wconf 89' lang='lat' dir='ltr'>ET</span> <span class='ocrx_word' id='word_1_52' title='bbox 792 695 1000 730; x_wconf 83' lang='lat' dir='ltr'>SALARIA</span> <span class='ocrx_word' id='word_1_53' title='bbox 1024 694 1182 730; x_wconf 83' lang='lat' dir='ltr'><strong>VETVS</strong></span> 
     </span>
    </p>
   </div>
   <div class='ocr_carea' id='block_1_4' title="bbox 403 753 1541 1083">
    <p class='ocr_par' dir='ltr' id='par_1_8' title="bbox 404 753 1541 836">
     <span class='ocr_line' id='line_1_11' title="bbox 404 753 1541 798; baseline 0 -10"><span class='ocrx_word' id='word_1_54' title='bbox 404 757 449 788; x_wconf 87' lang='lat'>49</span> <span class='ocrx_word' id='word_1_55' title='bbox 499 753 603 788; x_wconf 86' lang='lat' dir='ltr'>Proti</span> <span class='ocrx_word' id='word_1_56' title='bbox 637 756 674 788; x_wconf 88' lang='lat' dir='ltr'>et</span> <span class='ocrx_word' id='word_1_57' title='bbox 699 754 904 798; x_wconf 74' lang='lat' dir='ltr'>Hyacinthi</span> <span class='ocrx_word' id='word_1_58' title='bbox 934 756 1140 798; x_wconf 87' lang='lat' dir='ltr'>martyrum</span> <span class='ocrx_word' id='word_1_59' title='bbox 1172 753 1336 798; x_wconf 83' lang='lat' dir='ltr'>elogium</span> <span class='ocrx_word' id='word_1_60' title='bbox 1366 753 1431 788; x_wconf 87' lang='lat' dir='ltr'>uia</span> <span class='ocrx_word' id='word_1_61' title='bbox 1455 753 1541 788; x_wconf 90' lang='lat' dir='ltr'>Pin-</span> 
     </span>
     <span class='ocr_line' id='line_1_12' title="bbox 548 801 657 836; baseline 0.009 -1"><span class='ocrx_word' id='word_1_62' title='bbox 548 801 657 836; x_wconf 87' lang='lat' dir='ltr'>ciana</span> 
     </span>
    </p>

    <p class='ocr_par' dir='ltr' id='par_1_9' title="bbox 403 847 1538 893">
     <span class='ocr_line' id='line_1_13' title="bbox 403 847 1538 893; baseline 0 -10"><span class='ocrx_word' id='word_1_63' title='bbox 403 853 447 883; x_wconf 84' lang='lat'>96</span> <span class='ocrx_word' id='word_1_64' title='bbox 498 859 647 883; x_wconf 86' lang='lat' dir='ltr'>carmen</span> <span class='ocrx_word' id='word_1_65' title='bbox 666 848 853 883; x_wconf 86' lang='lat' dir='ltr'>Theodori</span> <span class='ocrx_word' id='word_1_66' title='bbox 878 848 1090 893; x_wconf 75' lang='lat' dir='ltr'>presbyteri</span> <span class='ocrx_word' id='word_1_67' title='bbox 1115 847 1155 882; x_wconf 91' lang='lat' dir='ltr'>in</span> <span class='ocrx_word' id='word_1_68' title='bbox 1180 848 1330 883; x_wconf 88' lang='lat' dir='ltr'>eosdem</span> <span class='ocrx_word' id='word_1_69' title='bbox 1356 849 1538 893; x_wconf 74' lang='lat' dir='ltr'>martyres</span> 
     </span>
    </p>

    <p class='ocr_par' dir='ltr' id='par_1_10' title="bbox 403 895 1540 941">
     <span class='ocr_line' id='line_1_14' title="bbox 403 895 1540 941; baseline 0 -11"><span class='ocrx_word' id='word_1_70' title='bbox 403 900 447 930; x_wconf 87' lang='lat'>97</span> <span class='ocrx_word' id='word_1_71' title='bbox 499 908 648 931; x_wconf 88' lang='lat' dir='ltr'>carmen</span> <span class='ocrx_word' id='word_1_72' title='bbox 675 896 886 940; x_wconf 80' lang='lat' dir='ltr'>Symmachi</span> <span class='ocrx_word' id='word_1_73' title='bbox 911 896 1100 941; x_wconf 85' lang='lat' dir='ltr'>pontificis</span> <span class='ocrx_word' id='word_1_74' title='bbox 1127 895 1166 929; x_wconf 86' lang='lat' dir='ltr'>in</span> <span class='ocrx_word' id='word_1_75' title='bbox 1192 895 1343 930; x_wconf 85' lang='lat' dir='ltr'>eosdem</span> <span class='ocrx_word' id='word_1_76' title='bbox 1512 899 1540 939; x_wconf 55' lang='grc' dir='ltr'>ἐξ</span> 
     </span>
    </p>

    <p class='ocr_par' dir='ltr' id='par_1_11' title="bbox 404 943 1540 1036">
     <span class='ocr_line' id='line_1_15' title="bbox 404 943 1540 988; baseline 0 -10"><span class='ocrx_word' id='word_1_77' title='bbox 404 947 448 978; x_wconf 80' lang='grc'>98</span> <span class='ocrx_word' id='word_1_78' title='bbox 498 943 634 978; x_wconf 85' lang='lat' dir='ltr'>Felicis</span> <span class='ocrx_word' id='word_1_79' title='bbox 666 943 861 978; x_wconf 82' lang='lat' dir='ltr'>cuiusdam</span> <span class='ocrx_word' id='word_1_80' title='bbox 898 943 1031 978; x_wconf 85' lang='lat' dir='ltr'>titulus</span> <span class='ocrx_word' id='word_1_81' title='bbox 1071 943 1289 988; x_wconf 89' lang='lat' dir='ltr'>sepulcralis</span> <span class='ocrx_word' id='word_1_82' title='bbox 1327 943 1366 977; x_wconf 91' lang='lat' dir='ltr'>in</span> <span class='ocrx_word' id='word_1_83' title='bbox 1398 954 1540 978; x_wconf 89' lang='lat' dir='ltr'>coeme-</span> 
     </span>
     <span class='ocr_line' id='line_1_16' title="bbox 546 990 1096 1036; baseline 0 -11"><span class='ocrx_word' id='word_1_84' title='bbox 546 991 641 1026; x_wconf 86' lang='lat' dir='ltr'>terio</span> <span class='ocrx_word' id='word_1_85' title='bbox 668 1003 694 1026; x_wconf 80' lang='lat' dir='ltr'>s,</span> <span class='ocrx_word' id='word_1_86' title='bbox 715 990 901 1026; x_wconf 87' lang='lat' dir='ltr'>Hermetis</span> <span class='ocrx_word' id='word_1_87' title='bbox 927 993 1096 1036; x_wconf 86' lang='lat' dir='ltr'>repertus</span> 
     </span>
    </p>

    <p class='ocr_par' dir='ltr' id='par_1_12' title="bbox 403 1037 1486 1083">
     <span class='ocr_line' id='line_1_17' title="bbox 403 1037 1486 1083; baseline 0 -11"><span class='ocrx_word' id='word_1_88' title='bbox 403 1042 446 1072; x_wconf 88' lang='lat'>99</span> <span class='ocrx_word' id='word_1_89' title='bbox 497 1038 678 1083; x_wconf 82' lang='lat' dir='ltr'>Diogenis</span> <span class='ocrx_word' id='word_1_90' title='bbox 704 1038 879 1083; x_wconf 85' lang='lat' dir='ltr'>martyris</span> <span class='ocrx_word' id='word_1_91' title='bbox 906 1038 1071 1083; x_wconf 83' lang='lat' dir='ltr'>elogium</span> <span class='ocrx_word' id='word_1_92' title='bbox 1098 1038 1160 1072; x_wconf 92' lang='lat' dir='ltr'>uia</span> <span class='ocrx_word' id='word_1_93' title='bbox 1187 1037 1333 1073; x_wconf 84' lang='lat' dir='ltr'>Salaria</span> <span class='ocrx_word' id='word_1_94' title='bbox 1359 1039 1486 1073; x_wconf 86' lang='lat' dir='ltr'>uetere</span> 
     </span>
    </p>
   </div>
   <div class='ocr_carea' id='block_1_5' title="bbox 211 1097 657 1132">
    <p class='ocr_par' dir='ltr' id='par_1_13' title="bbox 211 1097 657 1132">
     <span class='ocr_line' id='line_1_18' title="bbox 211 1097 657 1132; baseline 0 -1"><span class='ocrx_word' id='word_1_95' title='bbox 211 1097 279 1131; x_wconf 81' lang='lat' dir='ltr'>XII</span> <span class='ocrx_word' id='word_1_96' title='bbox 305 1097 390 1132; x_wconf 85' lang='lat' dir='ltr'>VIA</span> <span class='ocrx_word' id='word_1_97' title='bbox 417 1098 474 1131; x_wconf 82' lang='lat' dir='ltr'>FL</span> <span class='ocrx_word' id='word_1_98' title='bbox 480 1098 657 1132; x_wconf 89' lang='lat' dir='ltr'>AMINIA</span> 
     </span>
    </p>
   </div>
   <div class='ocr_carea' id='block_1_6' title="bbox 404 1156 1540 1297">
    <p class='ocr_par' dir='ltr' id='par_1_14' title="bbox 404 1156 1540 1297">
     <span class='ocr_line' id='line_1_19' title="bbox 405 1156 1332 1202; baseline 0.002 -12"><span class='ocrx_word' id='word_1_99' title='bbox 405 1157 474 1191; x_wconf 69' lang='lat'>50*</span> <span class='ocrx_word' id='word_1_100' title='bbox 501 1157 713 1202; x_wconf 86' lang='lat' dir='ltr'>fragmenta</span> <span class='ocrx_word' id='word_1_101' title='bbox 738 1157 778 1191; x_wconf 88' lang='lat' dir='ltr'>in</span> <span class='ocrx_word' id='word_1_102' title='bbox 803 1157 964 1191; x_wconf 85' lang='lat' dir='ltr'>basilica</span> <span class='ocrx_word' id='word_1_103' title='bbox 990 1169 1016 1192; x_wconf 84' lang='lat' dir='ltr'>s.</span> <span class='ocrx_word' id='word_1_104' title='bbox 1039 1156 1232 1191; x_wconf 86' lang='lat' dir='ltr'>Valentini</span> <span class='ocrx_word' id='word_1_105' title='bbox 1257 1168 1332 1201; x_wconf 88' lang='lat' dir='ltr'>rep.</span> 
     </span>
     <span class='ocr_line' id='line_1_20' title="bbox 404 1204 1540 1249; baseline 0.001 -11"><span class='ocrx_word' id='word_1_106' title='bbox 404 1205 473 1238; x_wconf 72' lang='lat'>51*</span> <span class='ocrx_word' id='word_1_107' title='bbox 499 1204 752 1249; x_wconf 85' lang='lat' dir='ltr'>fragmentum</span> <span class='ocrx_word' id='word_1_108' title='bbox 772 1205 820 1238; x_wconf 80' lang='lat' dir='ltr'>ad</span> <span class='ocrx_word' id='word_1_109' title='bbox 839 1204 1050 1249; x_wconf 87' lang='lat' dir='ltr'>sepulcrum</span> <span class='ocrx_word' id='word_1_110' title='bbox 1070 1216 1096 1239; x_wconf 89' lang='lat' dir='ltr'>s.</span> <span class='ocrx_word' id='word_1_111' title='bbox 1112 1204 1305 1239; x_wconf 77' lang='lat' dir='ltr'>Valentini</span> <span class='ocrx_word' id='word_1_112' title='bbox 1323 1204 1540 1249; x_wconf 81' lang='lat' dir='ltr'>pertinens?</span> 
     </span>
     <span class='ocr_line' id='line_1_21' title="bbox 548 1252 1068 1297; baseline -0.002 -10"><span class='ocrx_word' id='word_1_113' title='bbox 548 1263 624 1297; x_wconf 87' lang='lat' dir='ltr'>rep.</span> <span class='ocrx_word' id='word_1_114' title='bbox 652 1252 724 1287; x_wconf 87' lang='lat' dir='ltr'>Via</span> <span class='ocrx_word' id='word_1_115' title='bbox 749 1252 880 1296; x_wconf 84' lang='lat' dir='ltr'>Aequa</span> <span class='ocrx_word' id='word_1_116' title='bbox 905 1253 1068 1287; x_wconf 87' lang='lat' dir='ltr'>Acetosa</span> 
     </span>
    </p>
   </div>
   <div class='ocr_carea' id='block_1_7' title="bbox 192 1311 583 1346">
    <p class='ocr_par' dir='ltr' id='par_1_15' title="bbox 192 1311 583 1346">
     <span class='ocr_line' id='line_1_22' title="bbox 192 1311 583 1346; baseline 0.003 -1"><span class='ocrx_word' id='word_1_117' title='bbox 192 1311 279 1345; x_wconf 85' lang='lat' dir='ltr'>XIII</span> <span class='ocrx_word' id='word_1_118' title='bbox 305 1311 390 1346; x_wconf 87' lang='lat' dir='ltr'>VIA</span> <span class='ocrx_word' id='word_1_119' title='bbox 417 1311 583 1346; x_wconf 75' lang='lat' dir='ltr'>CASSIA</span> 
     </span>
    </p>
   </div>
   <div class='ocr_carea' id='block_1_8' title="bbox 193 1364 1539 1646">
    <p class='ocr_par' dir='ltr' id='par_1_16' title="bbox 193 1364 1539 1646">
     <span class='ocr_line' id='line_1_23' title="bbox 382 1364 1465 1410; baseline 0.001 -12"><span class='ocrx_word' id='word_1_120' title='bbox 382 1368 449 1399; x_wconf 86' lang='grc'>100</span> <span class='ocrx_word' id='word_1_121' title='bbox 500 1365 705 1400; x_wconf 78' lang='lat' dir='ltr'>Alexandri</span> <span class='ocrx_word' id='word_1_122' title='bbox 731 1365 896 1410; x_wconf 86' lang='lat' dir='ltr'>episcopi</span> <span class='ocrx_word' id='word_1_123' title='bbox 923 1367 960 1400; x_wconf 86' lang='lat' dir='ltr'>et</span> <span class='ocrx_word' id='word_1_124' title='bbox 986 1364 1160 1409; x_wconf 81' lang='lat' dir='ltr'>martyris</span> <span class='ocrx_word' id='word_1_125' title='bbox 1186 1367 1465 1400; x_wconf 86' lang='lat' dir='ltr'>monumentum</span> 
     </span>
     <span class='ocr_line' id='line_1_24' title="bbox 193 1411 730 1447; baseline 0.002 -1"><span class='ocrx_word' id='word_1_126' title='bbox 193 1411 300 1446; x_wconf 85' lang='lat' dir='ltr'>Locis</span> <span class='ocrx_word' id='word_1_127' title='bbox 327 1412 551 1447; x_wconf 81' lang='lat' dir='ltr'>suburbanis</span> <span class='ocrx_word' id='word_1_128' title='bbox 578 1413 730 1447; x_wconf 82' lang='lat' dir='ltr'>incertis</span> 
     </span>
     <span class='ocr_line' id='line_1_25' title="bbox 404 1459 1537 1505; baseline 0.001 -12"><span class='ocrx_word' id='word_1_129' title='bbox 404 1464 447 1493; x_wconf 77' lang='lat'>52</span> <span class='ocrx_word' id='word_1_130' title='bbox 499 1460 663 1505; x_wconf 84' lang='lat' dir='ltr'>elogium</span> <span class='ocrx_word' id='word_1_131' title='bbox 693 1460 869 1504; x_wconf 84' lang='lat' dir='ltr'>martyris</span> <span class='ocrx_word' id='word_1_132' title='bbox 908 1459 1029 1504; x_wconf 83' lang='lat' dir='ltr'>ignoti</span> <span class='ocrx_word' id='word_1_133' title='bbox 1065 1461 1190 1504; x_wconf 84' lang='lat' dir='ltr'>‘quem</span> <span class='ocrx_word' id='word_1_134' title='bbox 1225 1459 1382 1495; x_wconf 84' lang='lat' dir='ltr'>Graecia</span> <span class='ocrx_word' id='word_1_135' title='bbox 1418 1459 1537 1494; x_wconf 87' lang='lat' dir='ltr'>misit&#39;</span> 
     </span>
     <span class='ocr_line' id='line_1_26' title="bbox 545 1507 1143 1553; baseline 0.002 -12"><span class='ocrx_word' id='word_1_136' title='bbox 545 1507 656 1550; x_wconf 85' lang='lat' dir='ltr'>(inter</span> <span class='ocrx_word' id='word_1_137' title='bbox 681 1508 843 1553; x_wconf 86' lang='lat' dir='ltr'>Appiam</span> <span class='ocrx_word' id='word_1_138' title='bbox 869 1509 906 1542; x_wconf 88' lang='lat' dir='ltr'>et</span> <span class='ocrx_word' id='word_1_139' title='bbox 932 1507 1143 1550; x_wconf 78' lang='lat' dir='ltr'>Latinam‘?)</span> 
     </span>
     <span class='ocr_line' id='line_1_27' title="bbox 403 1553 1539 1599; baseline 0 -11"><span class='ocrx_word' id='word_1_140' title='bbox 403 1558 446 1588; x_wconf 85' lang='lat'>53</span> <span class='ocrx_word' id='word_1_141' title='bbox 498 1555 732 1599; x_wconf 85' lang='lat' dir='ltr'>epitaphium</span> <span class='ocrx_word' id='word_1_142' title='bbox 764 1555 958 1589; x_wconf 81' lang='lat' dir='ltr'>Proiectae</span> <span class='ocrx_word' id='word_1_143' title='bbox 990 1554 1090 1589; x_wconf 86' lang='lat' dir='ltr'>filiae</span> <span class='ocrx_word' id='word_1_144' title='bbox 1122 1554 1223 1589; x_wconf 85' lang='lat' dir='ltr'>Flori</span> <span class='ocrx_word' id='word_1_145' title='bbox 1262 1554 1348 1599; x_wconf 86' lang='lat' dir='ltr'>(fuit</span> <span class='ocrx_word' id='word_1_146' title='bbox 1379 1554 1468 1589; x_wconf 89' lang='lat' dir='ltr'>olim</span> <span class='ocrx_word' id='word_1_147' title='bbox 1499 1553 1539 1588; x_wconf 89' lang='lat' dir='ltr'>in</span> 
     </span>
     <span class='ocr_line' id='line_1_28' title="bbox 546 1602 1043 1646; baseline 0 -10"><span class='ocrx_word' id='word_1_148' title='bbox 546 1614 572 1637; x_wconf 87' lang='lat' dir='ltr'>s.</span> <span class='ocrx_word' id='word_1_149' title='bbox 594 1602 748 1636; x_wconf 86' lang='lat' dir='ltr'>Martini</span> <span class='ocrx_word' id='word_1_150' title='bbox 774 1602 813 1636; x_wconf 88' lang='lat' dir='ltr'>in</span> <span class='ocrx_word' id='word_1_151' title='bbox 838 1602 1043 1646; x_wconf 84' lang='lat' dir='ltr'>montibus)</span> 
     </span>
    </p>
   </div>
   <div class='ocr_carea' id='block_1_9' title="bbox 630 1707 1100 1744">
    <p class='ocr_par' dir='ltr' id='par_1_17' title="bbox 630 1707 1100 1744">
     <span class='ocr_line' id='line_1_29' title="bbox 630 1707 1100 1744; baseline 0 0"><span class='ocrx_word' id='word_1_152' title='bbox 630 1708 656 1744; x_wconf 92' lang='lat' dir='ltr'>B</span> <span class='ocrx_word' id='word_1_153' title='bbox 694 1707 930 1744; x_wconf 74' lang='lat' dir='ltr'>monumenta</span> <span class='ocrx_word' id='word_1_154' title='bbox 955 1707 1100 1744; x_wconf 83' lang='lat' dir='ltr'>urbana</span> 
     </span>
    </p>
   </div>
   <div class='ocr_carea' id='block_1_10' title="bbox 290 1783 1538 2397">
    <p class='ocr_par' dir='ltr' id='par_1_18' title="bbox 405 1783 1538 1876">
     <span class='ocr_line' id='line_1_30' title="bbox 405 1783 1538 1827; baseline 0.001 -10"><span class='ocrx_word' id='word_1_155' title='bbox 405 1787 449 1817; x_wconf 75' lang='lat'>54</span> <span class='ocrx_word' id='word_1_156' title='bbox 499 1784 750 1827; x_wconf 73' lang='lat' dir='ltr'>fragmentum</span> <span class='ocrx_word' id='word_1_157' title='bbox 787 1784 892 1819; x_wconf 83' lang='lat' dir='ltr'>tituli</span> <span class='ocrx_word' id='word_1_158' title='bbox 929 1784 969 1819; x_wconf 89' lang='lat' dir='ltr'>in</span> <span class='ocrx_word' id='word_1_159' title='bbox 1001 1784 1159 1819; x_wconf 86' lang='lat' dir='ltr'>ecclesia</span> <span class='ocrx_word' id='word_1_160' title='bbox 1191 1796 1217 1819; x_wconf 92' lang='lat' dir='ltr'>s.</span> <span class='ocrx_word' id='word_1_161' title='bbox 1252 1783 1444 1819; x_wconf 84' lang='lat' dir='ltr'>Laurentii</span> <span class='ocrx_word' id='word_1_162' title='bbox 1484 1783 1538 1818; x_wconf 85' lang='lat' dir='ltr'>‘in</span> 
     </span>
     <span class='ocr_line' id='line_1_31' title="bbox 547 1831 789 1876; baseline 0.009 -12"><span class='ocrx_word' id='word_1_163' title='bbox 547 1831 685 1866; x_wconf 77' lang='lat' dir='ltr'>lucina’</span> <span class='ocrx_word' id='word_1_164' title='bbox 715 1843 789 1876; x_wconf 84' lang='lat' dir='ltr'>rep.</span> 
     </span>
    </p>

    <p class='ocr_par' dir='ltr' id='par_1_19' title="bbox 405 1878 1536 2018">
     <span class='ocr_line' id='line_1_32' title="bbox 405 1878 1536 1932; baseline 0.002 -20"><span class='ocrx_word' id='word_1_165' title='bbox 405 1881 448 1912; x_wconf 91' lang='lat'>55</span> <span class='ocrx_word' id='word_1_166' title='bbox 501 1878 703 1912; x_wconf 84' lang='lat' dir='ltr'>distichum</span> <span class='ocrx_word' id='word_1_167' title='bbox 728 1879 949 1924; x_wconf 82' lang='lat' dir='ltr'>inscriptum</span> <span class='ocrx_word' id='word_1_168' title='bbox 976 1878 1155 1932; x_wconf 80' lang='lat' dir='ltr'>ecclesiae</span> <span class='ocrx_word' id='word_1_169' title='bbox 1181 1879 1374 1913; x_wconf 83' lang='lat' dir='ltr'>Laurentii</span> <span class='ocrx_word' id='word_1_170' title='bbox 1399 1879 1438 1913; x_wconf 92' lang='lat' dir='ltr'>in</span> <span class='ocrx_word' id='word_1_171' title='bbox 1463 1879 1536 1914; x_wconf 83' lang='lat' dir='ltr'>Da-</span> 
     </span>
     <span class='ocr_line' id='line_1_33' title="bbox 546 1925 1537 1971; baseline 0 -11"><span class='ocrx_word' id='word_1_172' title='bbox 546 1937 660 1970; x_wconf 78' lang='lat' dir='ltr'>maso,</span> <span class='ocrx_word' id='word_1_173' title='bbox 688 1938 782 1970; x_wconf 85' lang='lat' dir='ltr'>quae</span> <span class='ocrx_word' id='word_1_174' title='bbox 810 1926 1022 1971; x_wconf 80' lang='lat' dir='ltr'>appellatur</span> <span class='ocrx_word' id='word_1_175' title='bbox 1048 1926 1087 1960; x_wconf 90' lang='lat' dir='ltr'>in</span> <span class='ocrx_word' id='word_1_176' title='bbox 1105 1926 1260 1961; x_wconf 86' lang='lat' dir='ltr'>Prasino</span> <span class='ocrx_word' id='word_1_177' title='bbox 1288 1925 1406 1971; x_wconf 84' lang='lat' dir='ltr'>(iuxta</span> <span class='ocrx_word' id='word_1_178' title='bbox 1431 1925 1537 1961; x_wconf 78' lang='lat' dir='ltr'>thea-</span> 
     </span>
     <span class='ocr_line' id='line_1_34' title="bbox 547 1974 839 2018; baseline 0.003 -12"><span class='ocrx_word' id='word_1_179' title='bbox 547 1975 645 2007; x_wconf 83' lang='lat' dir='ltr'>trum</span> <span class='ocrx_word' id='word_1_180' title='bbox 672 1974 839 2018; x_wconf 80' lang='lat' dir='ltr'>Pompei)</span> 
     </span>
    </p>

    <p class='ocr_par' dir='ltr' id='par_1_20' title="bbox 405 2020 1535 2103">
     <span class='ocr_line' id='line_1_35' title="bbox 405 2020 1535 2066; baseline 0.001 -12"><span class='ocrx_word' id='word_1_181' title='bbox 405 2020 473 2054; x_wconf 53' lang='lat'>56²³</span> <span class='ocrx_word' id='word_1_182' title='bbox 500 2020 714 2055; x_wconf 83' lang='lat' dir='ltr'>hexameter</span> <span class='ocrx_word' id='word_1_183' title='bbox 749 2021 907 2065; x_wconf 80' lang='lat' dir='ltr'>scriptus</span> <span class='ocrx_word' id='word_1_184' title='bbox 945 2021 983 2055; x_wconf 85' lang='lat' dir='ltr'>in</span> <span class='ocrx_word' id='word_1_185' title='bbox 1018 2021 1146 2056; x_wconf 83' lang='lat' dir='ltr'>limine</span> <span class='ocrx_word' id='word_1_186' title='bbox 1183 2021 1370 2066; x_wconf 87' lang='lat' dir='ltr'>superiore</span> <span class='ocrx_word' id='word_1_187' title='bbox 1405 2022 1535 2065; x_wconf 85' lang='lat' dir='ltr'>portae</span> 
     </span>
     <span class='ocr_line' id='line_1_36' title="bbox 547 2068 917 2103; baseline 0.005 -2"><span class='ocrx_word' id='word_1_188' title='bbox 547 2068 713 2102; x_wconf 87' lang='lat' dir='ltr'>eiusdem</span> <span class='ocrx_word' id='word_1_189' title='bbox 739 2068 917 2103; x_wconf 87' lang='lat' dir='ltr'>ecclesiae</span> 
     </span>
    </p>

    <p class='ocr_par' dir='ltr' id='par_1_21' title="bbox 406 2115 1346 2151">
     <span class='ocr_line' id='line_1_37' title="bbox 406 2115 1346 2151; baseline 0.001 -3"><span class='ocrx_word' id='word_1_190' title='bbox 406 2118 449 2148; x_wconf 79' lang='lat'>57</span> <span class='ocrx_word' id='word_1_191' title='bbox 500 2126 648 2149; x_wconf 80' lang='lat' dir='ltr'>carmen</span> <span class='ocrx_word' id='word_1_192' title='bbox 674 2115 941 2150; x_wconf 83' lang='lat' dir='ltr'>Damasianum</span> <span class='ocrx_word' id='word_1_193' title='bbox 967 2116 1006 2150; x_wconf 92' lang='lat' dir='ltr'>in</span> <span class='ocrx_word' id='word_1_194' title='bbox 1031 2116 1163 2151; x_wconf 87' lang='lat' dir='ltr'>eadem</span> <span class='ocrx_word' id='word_1_195' title='bbox 1188 2115 1346 2150; x_wconf 87' lang='lat' dir='ltr'>ecclesia</span> 
     </span>
    </p>

    <p class='ocr_par' dir='ltr' id='par_1_22' title="bbox 384 2162 1405 2207">
     <span class='ocr_line' id='line_1_38' title="bbox 384 2162 1405 2207; baseline 0 -11"><span class='ocrx_word' id='word_1_196' title='bbox 384 2167 448 2196; x_wconf 86' lang='lat'>101</span> <span class='ocrx_word' id='word_1_197' title='bbox 501 2162 732 2207; x_wconf 78' lang='lat' dir='ltr'>epigramma</span> <span class='ocrx_word' id='word_1_198' title='bbox 761 2163 825 2197; x_wconf 81' lang='lat' dir='ltr'>‘ad</span> <span class='ocrx_word' id='word_1_199' title='bbox 850 2163 1005 2198; x_wconf 86' lang='lat' dir='ltr'>fontem’</span> <span class='ocrx_word' id='word_1_200' title='bbox 1035 2164 1201 2198; x_wconf 84' lang='lat' dir='ltr'>eiusdem</span> <span class='ocrx_word' id='word_1_201' title='bbox 1227 2162 1405 2197; x_wconf 85' lang='lat' dir='ltr'>ecclesiae</span> 
     </span>
    </p>

    <p class='ocr_par' dir='ltr' id='par_1_23' title="bbox 387 2208 1534 2255">
     <span class='ocr_line' id='line_1_39' title="bbox 387 2208 1534 2255; baseline -0.001 -12"><span class='ocrx_word' id='word_1_202' title='bbox 387 2213 452 2243; x_wconf 74' lang='lat'>102</span> <span class='ocrx_word' id='word_1_203' title='bbox 503 2221 651 2244; x_wconf 82' lang='lat' dir='ltr'>carmen</span> <span class='ocrx_word' id='word_1_204' title='bbox 678 2210 722 2244; x_wconf 83' lang='lat' dir='ltr'>de</span> <span class='ocrx_word' id='word_1_205' title='bbox 743 2210 942 2245; x_wconf 83' lang='lat' dir='ltr'>Laurentio</span> <span class='ocrx_word' id='word_1_206' title='bbox 969 2213 1130 2255; x_wconf 84' lang='lat' dir='ltr'>martyre</span> <span class='ocrx_word' id='word_1_207' title='bbox 1156 2210 1195 2244; x_wconf 90' lang='lat' dir='ltr'>in</span> <span class='ocrx_word' id='word_1_208' title='bbox 1220 2210 1351 2245; x_wconf 89' lang='lat' dir='ltr'>eadem</span> <span class='ocrx_word' id='word_1_209' title='bbox 1374 2208 1534 2243; x_wconf 85' lang='lat' dir='ltr'>basilica</span> 
     </span>
    </p>

    <p class='ocr_par' dir='ltr' id='par_1_24' title="bbox 383 2256 1534 2339">
     <span class='ocr_line' id='line_1_40' title="bbox 383 2256 1534 2303; baseline 0 -13"><span class='ocrx_word' id='word_1_210' title='bbox 383 2260 449 2291; x_wconf 82' lang='lat'>103</span> <span class='ocrx_word' id='word_1_211' title='bbox 501 2268 648 2292; x_wconf 80' lang='lat' dir='ltr'>carmen</span> <span class='ocrx_word' id='word_1_212' title='bbox 668 2257 817 2292; x_wconf 84' lang='lat' dir='ltr'>Atticae</span> <span class='ocrx_word' id='word_1_213' title='bbox 837 2257 972 2292; x_wconf 87' lang='lat' dir='ltr'>Felicis</span> <span class='ocrx_word' id='word_1_214' title='bbox 993 2258 1121 2303; x_wconf 77' lang='lat' dir='ltr'>Magni</span> <span class='ocrx_word' id='word_1_215' title='bbox 1144 2257 1312 2301; x_wconf 86' lang='lat' dir='ltr'>coniugis</span> <span class='ocrx_word' id='word_1_216' title='bbox 1338 2256 1377 2291; x_wconf 92' lang='lat' dir='ltr'>in</span> <span class='ocrx_word' id='word_1_217' title='bbox 1403 2256 1534 2291; x_wconf 82' lang='lat' dir='ltr'>eadem</span> 
     </span>
     <span class='ocr_line' id='line_1_41' title="bbox 547 2304 706 2339; baseline -0.006 0"><span class='ocrx_word' id='word_1_218' title='bbox 547 2304 706 2339; x_wconf 82' lang='lat' dir='ltr'>ecclesia</span> 
     </span>
    </p>

    <p class='ocr_par' dir='ltr' id='par_1_25' title="bbox 290 2351 1323 2397">
     <span class='ocr_line' id='line_1_42' title="bbox 290 2351 1323 2397; baseline 0.001 -12"><span class='ocrx_word' id='word_1_219' title='bbox 290 2355 450 2386; x_wconf 70' lang='lat'>10-1.105</span> <span class='ocrx_word' id='word_1_220' title='bbox 502 2352 773 2397; x_wconf 77' lang='lat' dir='ltr'>epigrammata</span> <span class='ocrx_word' id='word_1_221' title='bbox 799 2364 843 2387; x_wconf 82' lang='lat' dir='ltr'>ex</span> <span class='ocrx_word' id='word_1_222' title='bbox 869 2352 1026 2387; x_wconf 86' lang='lat' dir='ltr'>ecclesia</span> <span class='ocrx_word' id='word_1_223' title='bbox 1053 2364 1078 2387; x_wconf 88' lang='lat' dir='ltr'>s.</span> <span class='ocrx_word' id='word_1_224' title='bbox 1100 2351 1323 2386; x_wconf 82' lang='lat' dir='ltr'>Anastasiae</span> 
     </span>
    </p>
   </div>
   <div class='ocr_carea' id='block_1_11' title="bbox 1626 2103 1636 2179">
    <p class='ocr_par' dir='ltr' id='par_1_26' title="bbox 1626 2103 1636 2179">
     <span class='ocr_line' id='line_1_43' title="bbox 1626 2103 1636 2179; baseline 0 -66"><span class='ocrx_word' id='word_1_225' title='bbox 1626 2103 1636 2179; x_wconf 53' lang='grc' dir='ltr'>,ἐ</span> 
     </span>
    </p>
   </div>
   <div class='ocr_carea' id='block_1_12' title="bbox 1627 2195 1636 2225">
    <p class='ocr_par' dir='ltr' id='par_1_27' title="bbox 1627 2195 1636 2225">
     <span class='ocr_line' id='line_1_44' title="bbox 1627 2195 1636 2225; baseline 0 0"><span class='ocrx_word' id='word_1_226' title='bbox 1627 2195 1636 2225; x_wconf 58' lang='grc' dir='ltr'>ἓ·</span> 
     </span>
    </p>
   </div>
  </div>
 </body>
</html>
