1636 2593
577 95 1052 130 PSEVDODAMASIANA
1427 94 1450 135 S
1459 95 1481 134 7

142 213 209 247 pro
223 203 423 246 specularia
444 201 642 246 accipiens,
661 212 793 246 parum
811 201 1068 246 probabiliter,
1089 200 1159 235 etsi
1180 200 1338 235 conferri
1359 202 1483 244 potest

142 250 243 284 locus
270 249 349 283 Lib.
375 248 507 293 pontif,
534 248 573 282 in
598 248 679 282 uita
706 248 825 293 Sergii
857 249 886 292 (I
910 261 944 293 p.
967 251 1048 292 375)
1080 249 1245 282 similiter
1276 253 1308 282 et
1339 249 1481 292 specula

141 297 358 341 (specularia
376 296 553 340 Duoange
573 295 684 339 gloss.
706 307 732 330 s.
757 307 791 330 u.
812 297 1005 340 speculmn)
1029 296 1183 330 eiusdem
1208 296 1383 337 ecclesiae,
1408 299 1483 329 tam

139 355 230 389 qnae
260 355 367 387 super
397 345 511 378 sedem
541 344 598 377 uel
628 344 746 388 reyias
770 348 955 388 arqenteas
979 343 1131 377 maiores
1155 347 1257 385 sunt,
1289 343 1483 376 renouauit

235 394 254 424 S
281 402 441 425 concaua
461 402 553 425 sama
572 390 682 434 Verg.
705 389 835 434 Georg.
851 389 902 423 [V
916 393 972 433 49,
999 390 1089 424 Aen.
1110 389 1143 422 V
1163 393 1241 432 677,
1270 388 1376 423 Ouid.
1395 389 1480 423 Her.

139 437 172 471 X
198 441 252 472 22.
303 437 347 471 of.
376 437 442 472 Ou.
465 437 541 471 Art.
563 448 633 471 am.
655 437 705 470 ΙΙΙ
725 440 792 471 807
817 448 882 471 nec
908 439 1020 471 lucem
1045 438 1085 470 in
1110 437 1284 471 thalamos
1309 437 1391 471 totis
1417 437 1480 470 acl-

137 486 236 519 mitte
260 485 425 528 fenestris
497 489 517 518 9
542 485 663 528 fremit
691 483 894 518 Gratianus
918 489 959 518 ut
983 485 1092 518 hostis
1117 487 1195 526 46,ss
1275 487 1317 516 10
1343 484 1482 527 telaque

137 536 285 566 cruenta
313 536 368 575 8,6
395 535 442 575 (u.
465 532 564 575 adn.)
662 535 702 564 11
730 530 774 565 of.
800 534 878 573 825
979 534 1021 564 13
1044 532 1210 574 praesule
1236 531 1369 575 Vessgyilvto
1395 530 1479 564 adn.

138 583 194 621 89,
216 582 235 612 9
312 583 354 612 14
375 579 420 613 de
440 579 590 613 Andrea
609 578 825 622 presbytero
846 589 879 612 u.
900 588 995 621 quae
1017 577 1215 611 adnotauit
1234 577 1386 611 Rossius
1414 576 1437 611 1.
1450 588 1479 611 o.

135 637 172 670 p,
194 630 239 660 64
252 637 329 669 sqq.
376 625 544 660 clausula
565 625 676 660 Ouidi
697 625 776 659 Am.
797 625 814 658 I
833 628 864 668 4,
879 629 923 658 48
945 625 1046 659 dnlee
1061 626 1198 670 μεν-6921
1217 636 1306 669 opus
1325 626 1383 668 (=
1399 624 1477 658 Art.

138 684 208 707 am.
231 673 263 706 Π
283 676 366 709 480)

777 816 832 857 84

228 932 505 974 Constantina
537 932 660 973 deum
692 946 897 973 uenerans
931 930 1183 985 Christoque
1217 932 1353 973 dicata

224 1013 432 1055 Omnibus
464 1015 666 1069 impensis
699 1015 851 1055 deuota
883 1018 1023 1055 mente
1055 1015 1214 1068 paratis

195 1096 408 1138 ‘Numine
441 1097 585 1138 diuino
617 1097 801 1137 multum
836 1096 1088 1151 Christoque
1121 1097 1293 1138 iuuante

224 1178 396 1219 Sacrani
428 1179 635 1233 templum
667 1179 854 1220 uictricis
891 1179 1071 1234 uirginis
1102 1178 1263 1234 Agnes,

156 1274 177 1303 cjx

223 1262 496 1316 Templorum
529 1261 642 1315 quod
673 1262 807 1302 uincit
839 1276 944 1315 opus
976 1263 1225 1316 terrenaque
1258 1265 1426 1317 cuneta,

223 1343 363 1385 Aurea
395 1359 500 1398 quae
533 1344 712 1385 rutilant
743 1344 897 1384 summi
929 1344 1101 1399 fastigia
1133 1344 1245 1385 teeti.

223 1426 390 1467 Nomen
422 1426 533 1467 enim
568 1426 725 1467 Christi
758 1426 995 1467 celebratur
1026 1426 1195 1467 sedibus
1227 1427 1336 1482 istis,

219 1509 463 1549 Tartaream
495 1509 609 1549 solus
642 1508 783 1562 potuit
815 1509 888 1562 qui
920 1509 1088 1550 uincere
1120 1512 1301 1550 mortem

219 1590 417 1632 Inneotus
449 1592 564 1632 eaelo
597 1591 795 1645 solusque
827 1591 982 1632 inferre
1014 1592 1279 1647 triumphum

130 1684 172 1713 10
216 1672 383 1714 Nomen
409 1673 526 1714 Adae
558 1674 743 1715 referens
775 1676 817 1714 et
849 1688 1001 1728 corpus
1033 1677 1074 1716 et
1107 1675 1248 1716 omnia
1280 1676 1470 1717 membra

217 1754 256 1795 A
288 1755 438 1796 mortis
469 1755 655 1796 tenebris
688 1759 729 1796 et
761 1770 882 1797 caeca
912 1760 1035 1798 noete
1067 1757 1217 1798 leuata.

217 1836 407 1892 Dignum
438 1837 570 1891 igitur
601 1853 754 1879 munus
786 1841 949 1892 martyr
981 1839 1216 1894 deuotaque
1251 1839 1420 1882 Christo

217 1919 283 1959 Ex
316 1919 468 1973 opibus
499 1920 656 1960 nostris
687 1935 762 1974 per
793 1921 958 1961 saecula
990 1922 1117 1977 longa
1149 1922 1329 1977 tenebis,

217 2000 250 2039 0
284 2001 386 2042 felix
418 2001 560 2056 uirgo,
592 2004 853 2044 memorandi
885 2004 1069 2045 nominis
1101 2003 1256 2060 Agnes.

222 2140 449 2175 Aerostiohis
464 2140 644 2185 inscripta
659 2144 739 2176 erat
759 2143 881 2187 apsidi
898 2143 1089 2188 basilicae,
1111 2156 1221 2188 quam
1237 2145 1275 2178 in
1289 2145 1466 2179 honorem

128 2199 155 2222 s.
182 2188 338 2232 Agnetis
370 2188 509 2222 Romae
548 2189 767 2223 condiderat
802 2190 1063 2234 Constantina,
1103 2202 1197 2234 quae
1231 2192 1466 2226 Constantini

127 2235 288 2278 Augusti
310 2234 388 2269 filia
414 2236 568 2279 putatur
592 2235 753 2279 primum
772 2237 1049 2272 Hannibaliano
1069 2238 1163 2282 Regi
1189 2240 1304 2282 nupta
1332 2238 1464 2274 deinde

128 2281 236 2315 Gallo
258 2281 407 2316 Caesari
427 2284 472 2321 (a.
495 2286 573 2325 3:31,
595 2282 638 2317 of.
660 2283 778 2318 Amm.
800 2284 911 2319 Maro.
934 2285 1018 2318 XIV
1040 2289 1070 2327 1,
1092 2289 1128 2327 Ἐς
1152 2290 1181 2327 7,
1204 2288 1247 2329 4).
1294 2285 1337 2319 de
1365 2286 1466 2320 eodi-

127 2328 243 2371 cibus,
271 2329 320 2363 ad
347 2340 436 2372 quos
464 2329 642 2373 recensui,
669 2329 707 2363 in
732 2330 964 2374 praefatione
992 2331 1131 2365 dictum
1158 2334 1222 2366 est.
1269 2332 1464 2367 ediderunt
