1636 2593
615 77 910 113 TESTIMONIA
1263 80 1431 116 XXXVII

99 183 155 224 sis
187 183 323 224 modis
356 184 505 224 afflicti
542 199 616 238 per
649 185 774 226 exilia
806 189 847 226 et
877 187 1099 242 peregrina
1128 187 1221 228 loca
1252 188 1427 242 dispersi

99 244 214 296 sunt,
259 256 309 282 ex
348 242 501 296 quibus
539 242 807 284 Marcellinus
845 248 887 285 et
924 245 1149 286 Faustinus
1192 246 1429 300 presbyteri

101 301 150 342 de
182 301 443 342 confessione
474 315 599 342 uerae
631 301 747 356 fidei,
779 304 1058 345 ostentatione
1085 319 1223 346 sacrae
1250 320 1433 346 commu—

100 360 240 401 nionis
272 362 314 400 et
343 360 636 414 persecutione
662 361 975 403 aduersantium
1001 364 1171 404 ueritati
1197 378 1340 417 preces
1353 364 1434 405 Va-

99 418 331 460 lentiniano
376 418 613 460 Theodosio
657 422 698 460 et
740 419 921 461 Arcadio
965 422 1227 475 principibus
1272 422 1433 464 obtule-

100 480 200 519 runt
230 478 301 518 ita.
312 475 345 533 1)

189 535 380 589 Sequitur
412 536 569 577 libellus
599 550 768 590 precmn
800 552 848 578 εχ
878 552 953 590 quo
984 539 1095 579 hosce
1127 539 1227 580 locos
1250 553 1434 591 propono

103 594 200 649 Cap.
215 595 395 637 XXIII
408 595 575 648 (Migme
585 609 630 648 p.
645 597 720 649 99)
751 595 960 637 Aduertat
978 597 1264 650 tranquillitas
1283 600 1435 653 uestra,

100 655 135 696 si
166 654 247 696 hoc
279 654 370 695 fieri
394 654 527 695 uultis
553 654 597 694 in
621 653 814 695 Romano
841 655 1018 709 imperio
1045 656 1244 696 aduersus
1269 658 1436 697 sanctos

101 716 143 755 et
167 713 311 755 fideles
337 713 389 754 ab
415 713 482 753 his
509 713 581 767 qui
607 714 964 767 praeuaricatores
990 717 1104 768 sunt,
1135 729 1273 755 nonne
1298 718 1437 756 metus

102 775 164 813 est
200 787 252 813 ne
290 772 462 827 sanguis
498 772 687 812 fidelium
725 772 964 814 Romanum
1002 775 1151 829 grauet
1182 773 1435 826 imperium?

101 846 199 872 nam
218 831 329 872 idem
344 831 552 872 Damasus
572 834 742 885 accepta
762 832 1012 872 auctoritate
1033 832 1165 887 regali
1186 832 1312 872 etiam
1333 832 1437 873 alios

102 890 333 931 catholicos
372 889 643 944 presbyteros
658 890 691 946 ²)
732 904 810 931 nec
848 905 934 931 non
971 893 1013 931 et
1052 891 1181 931 laicos
1222 891 1436 931 insecutus

102 950 220 990 misit
250 949 295 990 in
321 949 496 990 exilium
521 963 723 1003 perorans
748 949 827 990 hoc
854 949 992 1003 ipsum
1018 963 1092 1003 per
1117 949 1296 1004 gentiles
1321 949 1438 989 scho—

101 1008 272 1048 lasticos
309 1007 552 1048 fauentibus
590 1007 670 1048 sibi
702 1007 929 1062 iudicibus,
967 1022 1061 1049 cum
1093 1008 1240 1061 utique
1271 1011 1437 1048 uestrae

102 1067 427 1108 constitutiones
471 1067 670 1107 aduersus
708 1066 941 1107 haereticos
980 1067 1168 1107 decretae
1206 1066 1308 1121 sint,
1352 1081 1437 1107 non

102 1126 302 1167 aduersus
340 1125 571 1166 catholicos
609 1128 651 1166 et
687 1125 792 1166 tales
830 1125 1077 1179 catholicos,
1117 1125 1189 1179 qui
1220 1125 1345 1166 fidem
1378 1125 1438 1165 in-

101 1187 264 1240 tegram
306 1199 382 1225 nec
423 1184 500 1225 sub
542 1183 765 1225 haereticis
805 1184 1132 1238 imperatoribus
1175 1184 1438 1237 reliquerunt

102 1247 144 1284 et
183 1243 352 1297 quidem
390 1243 539 1298 grauia
570 1243 705 1283 multa
735 1243 933 1297 perpessi.
995 1243 1066 1283 sed
1098 1245 1140 1283 et
1170 1256 1304 1296 nuper
1335 1245 1437 1283 tem—

100 1303 240 1357 ptauit
283 1302 471 1358 grauiter
510 1302 706 1356 persequi
750 1301 1040 1342 beatissimum
1078 1300 1311 1355 Ephesium
1355 1301 1439 1355 epi-

101 1375 287 1417 scopum7
314 1363 481 1402 sanctae
501 1360 599 1401 fidei
626 1360 906 1401 aemulatione
926 1360 1171 1414 sementem,
1198 1360 1438 1400 ordinatum

102 1420 376 1460 intaminatae
413 1419 527 1473 plebi
560 1418 775 1460 Romanae
813 1434 837 1459 a
868 1419 1208 1459 constantissimo
1241 1419 1437 1472 episcopo

102 1478 284 1535 Taorgio
325 1481 366 1519 et
403 1478 494 1532 ipso
533 1477 721 1518 illibatae
758 1478 855 1518 fidei
893 1478 1005 1532 uiro,
1043 1477 1120 1518 sub
1153 1477 1313 1518 inuidia
1344 1477 1439 1517 falsi

102 1537 291 1592 impositi
330 1537 601 1592 cognomenti
638 1551 713 1591 per
750 1551 848 1577 suos
886 1536 1123 1577 defensores
1166 1535 1440 1590 interpellans

103 1597 283 1638 iudicem
309 1595 488 1636 Bassum
521 1595 641 1649 quasi
673 1595 873 1636 aduersus
899 1595 1198 1636 Luciferianos.
1246 1595 1317 1635 sed
1341 1594 1439 1635 Bas—

103 1670 174 1696 sus
195 1689 322 1696 .....
342 1669 419 1709 pro
453 1654 714 1696 constantiae
753 1669 851 1695 suae
884 1654 1127 1709 integritate
1159 1653 1346 1707 reppulit
1377 1667 1439 1693 ac-

103 1714 341 1756 cusationes
366 1714 539 1755 Damasi
567 1728 727 1769 negans
758 1727 800 1754 se
832 1713 1043 1753 facturum
1075 1715 1123 1753 ut
1153 1712 1346 1753 homines
1377 1726 1439 1752 ca-

102 1773 285 1815 tholicos
329 1775 371 1814 et
414 1773 602 1828 integrae
645 1772 744 1813 fidei
785 1771 900 1813 uiros
940 1772 1248 1826 insequeretur7
1299 1770 1439 1811 dicens

103 1832 285 1873 maxime
318 1832 432 1886 quod
463 1832 577 1885 ipsae
604 1831 929 1872 constitutiones
960 1831 1263 1884 imperatorum
1295 1831 1441 1870 contra

102 1890 336 1932 haereticos
392 1890 656 1931 solummodo
711 1889 1004 1944 promulgatae
1061 1889 1301 1943 uideantur,
1355 1902 1440 1928 non

104 1953 250 1991 contra
285 1949 364 1990 hos
402 1949 475 2003 qui
506 1949 813 1990 sanctissimam
845 1948 970 1988 fidem
1003 1948 1091 1988 sine
1123 1947 1277 1988 saeculi
1310 1946 1439 1987 ambi-

103 2009 219 2050 tione
250 2010 513 2050 conseruant.

196 2079 292 2132 Gap.
327 2079 495 2120 XXIV
535 2078 594 2119 Et
637 2082 737 2119 tunc
780 2078 966 2132 primum
1010 2077 1179 2117 erubuit
1222 2075 1439 2129 Damasus,

201 2220 234 2261 1)
261 2229 292 2252 a.
320 2221 388 2252 383
414 2217 475 2251 uel
501 2220 579 2251 384.
629 2216 733 2250 Rade
760 2216 783 2251 1.
805 2228 833 2251 c.
860 2228 895 2260 p.
919 2219 937 2249 7
964 2216 1047 2250 adn.
1070 2219 1100 2249 5.

200 2267 235 2309 2)
259 2264 452 2309 praecedit
476 2263 641 2298 narratio
668 2263 713 2297 de
733 2263 898 2298 Macario
923 2262 1138 2306 presbytero
1158 2259 1390 2294 Luciferiano
1417 2269 1439 2292 a

105 2310 267 2346 Damaso
295 2323 337 2346 ex
363 2311 453 2346 urbe
479 2310 586 2355 pulso
613 2313 705 2354 (cap.
727 2310 852 2354 XXII).
904 2310 948 2343 cf.
975 2309 1078 2343 Rade
1105 2307 1127 2343 l.
1149 2318 1177 2342 c,
1203 2319 1238 2351 p.
1259 2310 1314 2340 45.
