1636 2593
162 96 215 137 72
593 97 747 132 PSEVD
753 96 1071 132 ODAMASIANA

248 220 373 258 quem
406 205 524 246 sedes
555 220 642 247 non
673 205 761 246 ulla
793 206 923 261 capit3
955 206 1027 260 qui
1059 206 1219 247 lumine
1250 206 1389 261 primo

246 276 412 330 uidisti⁷
445 276 652 331 quidquid
683 276 841 318 mundo
873 280 1070 318 nascente
1103 291 1284 332 crearas3

247 347 335 400 ipse
368 346 529 401 opifex,
563 362 668 401 opus
701 348 790 402 ipse
822 348 904 403 tui,
937 347 1135 403 dignatus
1165 348 1333 403 iniquas

159 428 201 459 10
247 418 397 459 aetatis
429 418 585 459 sentire
618 418 732 460 uices
765 421 806 460 et
838 419 1028 473 corporis
1058 417 1185 460 huius

246 488 472 530 dissimiles
502 489 690 544 perferre
721 489 869 531 modos
900 489 1200 544 hominemque
1233 490 1393 546 subire,

243 563 292 601 ut
323 560 460 615 possis
491 563 728 602 monstrare
762 561 903 615 deum,
935 575 987 601 ne
1018 560 1207 602 lubricus
1240 576 1356 603 error

244 633 287 672 et
319 631 494 686 decepta
526 632 597 672 diu
629 632 738 672 uarii
770 632 960 673 sollertia
990 632 1138 672 mundi

242 704 416 756 pectora
448 704 535 743 tam
567 702 715 743 multis
746 702 904 743 sineret
935 701 1133 743 mortalia
1164 702 1311 744 saeclis

155 784 200 814 15
245 776 461 814 auctorem
493 773 654 814 nescire
686 788 827 814 suum:
860 776 902 814 te
935 774 1102 814 conscia
1132 777 1280 828 partus

242 847 379 885 mater
411 847 452 885 et
484 844 657 885 attoniti
689 844 899 899 pecudum
931 859 1095 886 sensere
1128 845 1313 886 timores.

242 918 283 957 te
316 930 429 957 noua
460 915 645 957 sollicito
677 915 907 956 lustrantes
938 916 1075 956 sidera
1107 916 1203 957 uisu

241 987 285 1027 in
319 986 434 1027 caelo
466 986 611 1027 uidere
643 987 779 1042 prius,
811 986 1038 1041 lumenque
1071 987 1204 1028 secuti

242 1058 443 1099 inuenere
474 1058 601 1113 magi.
664 1060 711 1099 tu
742 1058 871 1099 noxia
902 1061 1075 1112 pectora
1106 1058 1237 1099 soluis

152 1140 197 1170 20
243 1128 489 1183 elapsasque
523 1129 684 1170 animas
716 1129 761 1169 in
793 1143 971 1183 corpora
1002 1129 1148 1170 functa
1179 1129 1343 1170 reducis

241 1202 283 1240 et
314 1200 450 1240 uitam
482 1214 669 1241 remeare
702 1199 834 1242 iubes.
896 1203 943 1241 tu
974 1200 1068 1255 lege
1099 1200 1258 1254 recepti

237 1270 426 1311 muneris
459 1270 511 1311 ad
541 1270 689 1312 Manes
722 1274 919 1325 penetras
950 1271 1185 1325 mortisque
1217 1271 1401 1312 latebras

238 1341 493 1382 immortalis
526 1341 626 1382 adis.
688 1341 804 1382 nasci
836 1341 917 1382 tibi
949 1356 1035 1383 non
1068 1342 1151 1383 fuit
1181 1342 1255 1382 uni

236 1412 496 1467 principium
528 1412 710 1466 finisque
742 1413 869 1467 mori,
908 1413 980 1454 sed
1010 1415 1135 1454 nocte
1166 1413 1308 1454 refusa

149 1495 191 1525 ‘25
238 1484 283 1524 in
315 1483 478 1525 caelum
510 1485 760 1538 patremque
793 1484 904 1525 redis
935 1499 1165 1538 rursusque
1196 1485 1370 1538 perenni

237 1555 384 1595 ordine
416 1554 611 1609 purgatis
644 1554 795 1595 adimis
827 1555 1024 1610 contagia
1055 1555 1190 1595 terris.

236 1628 282 1666 tu
315 1626 431 1666 solus
462 1625 681 1679 patrisque
714 1640 871 1680 comes,
903 1628 950 1666 tu
982 1625 1158 1679 spiritus
1191 1625 1334 1666 insons

235 1699 278 1737 et
310 1696 438 1737 toties
469 1710 579 1736 unus
611 1695 854 1750 triplicique
887 1696 931 1736 in
962 1696 1132 1736 nomine
1165 1696 1355 1750 simplex

237 1767 358 1821 quid7
390 1767 470 1807 nisi
504 1781 580 1820 pro
614 1767 794 1820 cunctis,
827 1766 941 1807 aliud
974 1767 1068 1820 quis
1100 1766 1267 1808 credere
1298 1768 1434 1822 possit

145 1850 189 1880 30
235 1842 275 1879 te
307 1837 496 1892 potuisse
528 1837 655 1889 mori,
687 1839 856 1891 poteras
889 1837 961 1891 qui
994 1837 1165 1878 reddere
1197 1838 1361 1880 uitam?

239 1965 384 2000 Primus
405 1964 526 1999 edidit
545 1963 695 1998 Camers
716 1976 747 1998 a.
770 1968 859 1998 1510
879 1963 918 1998 111
938 1965 993 1999 ed.
1011 1965 1220 2009 Claudiani,
1241 1976 1350 2009 quem
1370 1967 1489 2001 secuti

145 2016 231 2048 sunt
251 2012 386 2056 reliqui
407 2011 568 2046 editores
589 2011 803 2046 Claudiani:
831 2011 1014 2046 Gesnerus
1034 2025 1068 2057 p.
1092 2016 1170 2057 710,
1193 2013 1278 2057 Ieep
1298 2013 1332 2046 H
1349 2025 1384 2058 p.
1407 2017 1487 2058 202,

148 2061 225 2095 Birt
244 2073 279 2105 p.
294 2064 360 2094 411
377 2072 411 2094 n.
426 2059 504 2103 XX,
524 2059 629 2093 Koch
648 2071 682 2103 p.
699 2062 776 2093 308.
816 2059 1066 2104 Anthologiae
1088 2059 1152 2095 lat.
1173 2059 1331 2094 inseruit
1343 2061 1486 2096 ARiese

144 2122 177 2143 11.
207 2112 284 2142 878.
336 2106 575 2141 Merobaudis
602 2106 760 2150 Hispani
787 2106 1002 2141 scholastici
1035 2118 1182 2142 carmen
1213 2117 1293 2142 esse
1324 2109 1486 2142 testatur

149 2155 355 2198 Fabricius,
389 2154 453 2197 qui
485 2153 606 2188 edidit
639 2164 657 2187 e
690 2153 818 2187 codice
851 2154 1005 2198 antiquo
1038 2155 1085 2189 ab
1113 2154 1275 2199 Oporino
1304 2155 1483 2189 submini-

143 2205 261 2238 strato
282 2214 315 2247 p.
333 2205 399 2236 763
408 2212 486 2244 sqq.
507 2202 555 2244 (u.
571 2200 650 2235 eius
669 2202 862 2235 comment.
878 2213 912 2245 p.
929 2204 996 2245 87).
1025 2202 1069 2236 cf.
1084 2201 1253 2236 Niebuhr
1265 2201 1481 2238 Merobaud.

142 2263 175 2295 p.
198 2250 240 2294 Χ,
268 2249 350 2283 Birt
373 2248 488 2293 praef.
509 2247 548 2281 in
569 2247 762 2282 claudian.
784 2260 817 2292 p.
840 2249 994 2292 CLXXI,
1020 2248 1359 2283 Teuffel-Schwabe
1385 2249 1480 2285 Hist.

142 2298 214 2332 litt.
243 2297 306 2331 lat.
334 2300 353 2338 ξ
379 2300 459 2338 464,
480 2299 512 2339 2,
538 2295 653 2329 Ebert
679 2294 808 2330 Gesch.
838 2296 902 2330 der
927 2296 1068 2331 christl.
1094 2295 1149 2330 lat
1174 2295 1261 2330 Litt.
1288 2295 1329 2329 12
1352 2308 1386 2340 p.
1412 2301 1482 2332 418

143 2345 220 2389 (qui
242 2343 480 2379 Merobaudis
507 2354 586 2377 esse
610 2344 748 2387 negat)‚
776 2343 994 2377 MManitius
1018 2343 1147 2378 Gesch.
1171 2343 1235 2377 der
1254 2342 1394 2378 christl.
1416 2344 1481 2379 lat.
