1636 2593
189 67 308 102 XXXI
315 68 346 103 V
723 68 1020 104 TESTIMONIA

195 177 382 232 impulsu
416 177 667 218 clericorum
701 177 773 231 qui
805 178 1138 234 periurauerant,
1170 180 1370 236 irrumpit
1401 182 1445 222 in
1473 197 1540 223 ur—

190 236 287 277 bem
308 239 350 276 et
369 236 596 277 stationem
617 237 661 277 in
681 235 763 277 Iuli
784 236 959 277 basilica
978 239 1095 279 trans
1115 238 1346 297 Tiberiml)
1369 240 1466 282 dare
1477 239 1538 298 (22)

191 295 442 350 praesumit:
475 310 601 349 quem
635 296 772 336 omnis
803 296 1034 338 multitudo
1061 297 1250 340 fidelium
1277 302 1319 340 et
1343 314 1540 354 proceres

191 354 240 395 de
273 353 378 395 urbe
411 354 567 395 iterum
601 369 696 395 cum
728 370 883 411 magno
918 356 1118 398 dedecore
1149 359 1429 412 proiecerunt.

279 413 340 454 ΙΙ
375 413 481 455 Post
519 429 651 455 annos
690 417 785 455 octo
818 414 1119 457 Valentiniano
1153 420 1195 458 et
1225 417 1406 459 Valente
1439 432 1535 459 con-

189 472 354 513 sulibus
391 472 431 513 X
470 473 748 514 kalendarum
785 473 1087 515 Decembrium
1120 475 1185 517 die
1219 477 1441 518 defunctus
1474 481 1538 519 est

188 530 366 588 Felix.2)
428 532 624 573 Liberius
665 533 999 574 misericordiam
1040 534 1142 575 fecit
1178 535 1222 576 in
1255 536 1429 577 clericos
1462 537 1535 590 qui

189 592 525 646 pei-iurauerant,
558 606 713 646 eosque
745 593 789 633 in
821 592 926 633 locis
957 593 1142 647 propriis
1175 595 1370 650 suscepit.
1415 595 1535 636 item-

189 665 270 704 que
308 649 413 691 VIII
451 651 533 692 kal.
573 650 663 693 Oct.
705 650 907 693 Gratiano
947 655 988 693 et
1026 652 1250 709 Dagalaifo
1290 654 1538 695 consulibus

190 709 387 751 Liberius
430 710 629 752 humanis
667 710 793 752 rebus
831 710 1082 768 eximitur.3)
1151 715 1250 754 tunc
1295 713 1532 768 presbyteri

187 772 231 810 et
276 769 472 810 diacones
503 769 702 824 Vrsinus,
746 769 973 811 Amantius
1015 774 1056 812 et
1087 770 1232 826 Lupus
1273 786 1369 813 cum
1410 773 1534 827 plebe

188 832 333 869 sancta
346 827 395 885 4),
429 843 535 883 quae
562 829 733 870 Liberio
765 830 892 870 fidem
926 834 1171 871 seruauerat
1202 831 1246 871 in
1279 832 1406 872 exilio
1439 846 1534 873 con-

188 888 352 943 stituto,
385 891 615 943 coeperunt
646 889 691 929 in
722 889 897 930 basilica
928 887 1011 930 Iuli
1037 890 1262 944 procedere
1290 893 1332 931 et
1358 890 1440 931 sibi
1455 890 1534 932 Vr*

189 947 330 988 sinum
364 947 588 989 diaconum
625 948 871 1002 pontificem
904 948 948 989 in
979 948 1120 989 locum
1152 949 1313 990 Liberii
1347 949 1533 990 ordinari

188 1006 432 1061 deposcunt.
493 1007 653 1061 periuri
694 1022 795 1048 uero
837 1008 882 1048 in
919 1007 1092 1048 Lucinis
1107 1006 1141 1064 ⁵)
1187 1008 1419 1049 Damasum
1451 1008 1534 1049 sibi

187 1066 433 1120 episcopum
466 1067 510 1107 in
542 1066 634 1107 loco
656 1065 810 1107 Felicis
836 1067 1119 1120 expostulant.
1151 1066 1356 1108 Vrsinum
1375 1067 1536 1108 Paulus

188 1124 441 1166 Tiburtinus
486 1126 709 1180 episcopus
752 1125 975 1167 benedicit.
1039 1126 1152 1180 quod
1195 1126 1269 1167 ubi
1311 1126 1533 1180 Damasus,

188 1184 261 1238 qui
307 1199 472 1238 semper
517 1185 807 1239 episcopatum
853 1185 1077 1240 ambierat,
1121 1186 1344 1240 comperit,
1387 1200 1532 1226 omnes

188 1243 484 1299 quadrigarios
529 1247 570 1285 et
613 1244 855 1298 imperitam
899 1244 1218 1285 multitudinem
1259 1245 1397 1299 pretio
1437 1259 1533 1285 con—

186 1303 291 1344 citat
323 1306 365 1344 et
397 1306 584 1344 armatus
616 1303 802 1344 fustibus
844 1303 895 1344 ad
927 1303 1146 1344 basilicam
1179 1302 1261 1344 Iuli
1293 1303 1533 1358 perrumpit

188 1364 229 1403 et
260 1377 416 1418 magna
448 1362 572 1403 caede
604 1363 793 1403 fidelium
825 1377 901 1416 per
927 1362 1116 1403 triduum
1150 1363 1431 1404 debacchatus
1457 1365 1531 1403 est.

186 1424 284 1475 post
323 1422 409 1462 dies
448 1424 609 1476 septem
649 1436 744 1463 cum
784 1421 982 1463 omnibus
1018 1422 1200 1476 periuris
1239 1425 1281 1463 et
1319 1421 1533 1475 arenariis,

189 1495 295 1534 quos
333 1481 497 1536 ingenti
530 1481 721 1535 corrupit
751 1481 907 1535 pretio,
946 1480 1272 1521 Lateranensem
1311 1480 1531 1521 basilicam

187 1539 327 1580 tenuit
353 1544 394 1580 et
421 1539 480 1580 ibi
508 1540 726 1580 ordinatus
747 1540 969 1594 episcopus
984 1537 1018 1596 6)
1046 1542 1089 1580 et
1112 1539 1323 1580 redimens
1348 1539 1532 1580 iudicem

185 1598 305 1639 urbis
324 1598 576 1639 Viuentium
590 1597 623 1655 7)
657 1601 699 1640 et
729 1598 991 1652 praefectum
1023 1613 1213 1640 annonae
1245 1598 1457 1639 Iulianum
1490 1598 1534 1639 id

187 1658 276 1713 egit
313 1661 361 1699 ut
392 1657 574 1699 Vrsinus
611 1658 679 1698 uir
709 1658 983 1712 uenerabilis,
1023 1658 1095 1712 qui
1127 1658 1246 1712 prius
1278 1658 1416 1698 fuerat
1448 1657 1534 1711 epi-

187 1731 340 1771 scopus
379 1717 615 1772 ordinatus,
660 1731 755 1758 cum
793 1716 996 1758 Amantio
1039 1720 1080 1758 et
1117 1717 1238 1771 Lupo
1284 1716 1533 1758 diaconibus

283 1846 316 1884 1)
342 1844 453 1917 hodie
481 1845 640 1880 basilica
667 1857 693 1880 s.
721 1845 863 1880 Mariae
890 1847 993 1880 trans
1020 1844 1201 1890 Tiberim,
1227 1844 1422 1879 Duchesne
1448 1843 1530 1878 Lib.

187 1892 332 1984 ponta?
343 1896 650 1985 &diff-Augusti
683 1951 715 1975 a.
743 1944 821 1974 365.
873 1939 917 1974 cf.
951 1940 1145 1974 Duchesne
1172 1939 1194 1974 1.
1223 1951 1251 1974 c.
1279 1940 1294 1973 I
1320 1951 1354 1984 p.
1383 1938 1532 1974 CXXIII

189 1989 226 2022 et
253 1990 330 2078 ἓξ)
344 2046 375 2069 a.
399 2037 476 2069 366.
522 2034 717 2069 Duchesne
743 2034 765 2069 l.
789 2045 817 2068 c.
844 2046 878 2079 p.
901 2038 979 2069 210.
1023 2035 1230 2080 Dayalaiso
1254 2034 1323 2069 hoc
1351 2035 1388 2068 et
1413 2032 1533 2067 altero

186 2081 268 2116 1000
289 2081 415 2127 Migne
437 2081 557 2116 edidit
576 2092 787 2126 perperam,
815 2093 848 2116 u.
864 2081 972 2116 Rossi
993 2082 1103 2116 Inscr.
1120 2081 1244 2116 christ.
1260 2081 1276 2115 I
1294 2093 1354 2115 nn.
1373 2084 1438 2114 186
1451 2091 1528 2123 sqq.

282 2131 318 2173 4)
339 2130 440 2174 plebs
465 2134 592 2164 sancta
617 2129 656 2163 in
683 2129 965 2174 epigrammatis
991 2142 1051 2164 nn.
1074 2130 1147 2164 21*.
1176 2133 1229 2163 59.
1258 2131 1311 2162 82.

283 2179 317 2216 5)
343 2176 538 2211 Duchesne
566 2176 588 2211 1,
610 2188 639 2210 c.
666 2189 700 2221 p.
722 2180 800 2211 214.

284 2227 318 2269 6)
344 2223 418 2258 kal.
448 2223 528 2259 Oct.
558 2235 588 2259 a.
617 2228 695 2259 366.
1124 2254 1130 2259 .

284 2274 316 2315 Ἰ)
343 2271 386 2306 cf.
414 2271 670 2306 testimonium
697 2282 740 2305 ex
761 2272 878 2306 Amm.
901 2271 1066 2306 Marcell.
1087 2270 1185 2305 infra
1203 2269 1367 2315 positum
1392 2281 1425 2313 p.
1440 2268 1531 2303 XLI.

188 2318 303 2353 Seeck
330 2319 487 2354 Hermae
514 2318 586 2354 uol.
614 2319 734 2353 XVIII
759 2330 793 2363 p.
817 2322 895 2353 299.
925 2322 1002 2353 302.
