1636 2593
468 99 652 133 DAMASI
676 99 1032 134 EPIGRAMMATA
1363 99 1418 140 29

83 208 177 242 miro
205 217 291 240 sane
318 204 552 249 quadratarii
578 216 709 249 errore,
736 205 799 248 qui
825 207 950 240 tamen
973 205 1095 239 iudice
1115 204 1246 239 Rossio
1267 205 1419 239 inducto

82 253 239 290 tectorio
277 254 315 287 et
352 251 488 286 litteris
526 251 673 285 rubrica
713 252 823 296 pictis
862 252 1093 296 aliquamdiu
1136 252 1253 286 latere
1296 251 1420 296 potuit

179 306 199 335 4
231 311 331 335 sacro
362 310 428 344 pro
457 300 603 343 placido
634 299 811 333 Merenda
843 299 972 333 edidit.
1022 299 1061 332 in
1091 300 1303 343 pwophetam
1337 310 1419 343 pro-

84 349 197 383 ducta
215 347 335 392 prima
354 357 428 380 non
448 347 505 380 est
524 357 588 379 cur
608 345 836 380 offendamus
862 346 920 390 (cf.
947 346 978 389 1‘,
1000 350 1044 389 6),
1072 348 1111 380 at
1130 357 1242 389 quam
1260 345 1420 379 maxime

83 397 123 430 in
141 400 259 430 senem
277 393 335 439 (cf.
359 397 400 427 12
421 391 531 436 sb‘raees,
554 396 596 426 13
615 391 747 435 sZnior,
773 393 841 426 34*
860 391 970 437 sim„
997 405 1079 426 cum
1098 404 1144 427 ne
1165 395 1251 437 apte
1271 392 1421 436 quidem

82 442 265 488 propheta
297 440 443 474 dicatur
473 451 595 481 senem,
627 439 716 483 quin
748 440 1019 474 emendandum
1052 440 1100 474 sit
1127 445 1290 475 sanctum
1320 439 1421 483 equi—

84 491 168 524 dem
192 487 316 522 nullus
344 487 485 521 dubito.
532 487 583 520 sic
602 491 742 521 sanctos
760 487 942 520 Damasus
965 487 1165 531 prophetas
1191 486 1358 531 appellat
1383 486 1422 520 in

83 535 246 571 carmine
279 535 323 569 de
349 534 465 568 Paulo
493 538 565 577 2,.3,
598 533 688 568 item
715 533 899 567 Dauidem
925 535 1135 578 prophetem
1164 539 1324 568 sanetum
1355 537 1420 577 1,67

86 583 221 628 quibus
242 582 338 616 adde
358 592 506 616 uersum
526 580 742 625 Hieronymi
768 580 831 624 qui
851 580 967 614 fertur
987 585 1030 614 63
1047 582 1199 625 psallere
1219 582 1282 625 qui
1302 581 1423 615 docuit

83 632 182 666 dulci
200 630 442 665 modulamine
461 633 602 663 scnectos
695 631 715 661 5
743 629 865 662 v'nsoozs
890 639 963 661 uox
982 627 1208 662 Damasiana
1231 632 1283 662 11.
1298 631 1351 662 ⁶27.
1366 630 1420 660 44.

84 680 163 713 ‘etita
190 677 372 721 producta
398 675 531 709 ultima
558 675 597 709 in
623 686 792 718 caesura⁷
825 686 911 708 nam
936 674 1189 708 nominatiuus
1214 674 1338 718 potius
1366 676 1422 708 est

84 736 196 769 quam
222 723 411 758 ablatiuus
509 727 528 757 6
555 722 653 756 redit
678 721 716 755 in
740 721 932 766 epitaphio
951 721 1084 755 Leonis
1105 722 1184 765 33²⁸,
1211 721 1360 755 initium
1386 723 1423 755 et

84 771 253 806 clausula
285 782 303 805 e
330 769 496 814 Vergilio
532 771 679 814 sumpta
712 768 843 813 Geor-g.
870 769 921 802 III
948 772 990 802 37
1022 770 1168 803 inuidia
1203 770 1332 811 infeliae
1363 767 1421 812 (cf.

85 819 178 854 Stat.
201 818 289 852 Silu.
311 818 344 852 Π
364 822 395 861 6Ἰ
417 819 486 860 69),
513 817 563 850 IV
583 820 626 850 87
646 828 845 861 compressa
868 817 1053 860 quiescunt
1151 819 1167 849 7
1197 815 1248 849 sic
1267 815 1424 849 Paulum

84 867 199 901 temnit
226 866 425 909 paradisus
456 869 595 899 euntem»
626 867 717 907 2,14,
750 863 794 897 cf.
823 867 865 896 95
898 867 929 897 te
955 863 1155 907 paradisus
1179 863 1297 905 habet,
1330 861 1423 896 talia

86 913 186 957 apud
224 911 446 946 christianos
485 910 632 955 saepius
671 914 713 955 (e.
747 922 800 955 gr.
834 910 923 944 Ven.
958 910 1055 943 Fort.
1089 909 1138 942 IV
1173 912 1226 952 177
1261 911 1327 952 12).
1379 909 1423 942 de

84 959 252 994 clausula
279 971 312 993 u.
339 959 423 993 adn.
453 962 531 1002 124

727 1055 780 1093 22

402 1143 785 1196 BEATISSIMO
819 1151 1089 1193 MARTYRI

602 1225 905 1277 IANVARIO

442 1316 715 1358 DAMAsvs
748 1316 885 1358 Eris
898 1316 1013 1357 0οΡ
1034 1320 1068 1371 s

665 1399 736 1439 Fn
748 1398 849 1440 ΟΙΤ

182 1493 327 1527 Titulus
348 1492 439 1526 artis
454 1491 733 1526 Philocalianae
753 1502 772 1525 e
792 1491 1010 1536 fragmentis
1031 1490 1069 1524 in
1083 1489 1302 1525 coemeterio
1317 1490 1427 1523 Prae-

87 1540 223 1575 textati
243 1540 306 1574 uia
327 1539 448 1584 Appia
468 1538 583 1573 erutis
604 1540 775 1573 accurate
796 1538 990 1572 restitutus
1017 1549 1039 1572 a
1058 1537 1188 1572 Rossio
1210 1537 1304 1571 Bull.
1326 1536 1424 1570 crist.

90 1592 179 1622 1863
199 1599 233 1632 p.
255 1592 295 1621 17
307 1599 358 1630 sq.
382 1590 471 1620 1866
496 1598 528 1630 p.
554 1591 605 1620 16.
636 1589 722 1619 1872
750 1598 784 1630 p.
808 1589 849 1619 72
866 1597 917 1629 sq.
939 1585 1014 1619 tab.
1036 1585 1084 1627 V3
1112 1585 1156 1619 cf.
1183 1585 1301 1617 Kraus
1322 1584 1425 1617 Rom.

89 1637 174 1669 sott.
206 1647 239 1679 p.
269 1638 328 1677 92,
356 1633 483 1667 Roller
508 1634 575 1667 Les
603 1633 837 1667 catacombes
865 1633 909 1666 de
936 1633 1050 1666 Rome
1076 1632 1092 1664 I
1118 1632 1193 1666 tab.
1221 1631 1339 1664 XXXI
1365 1631 1426 1675 (ad

88 1681 275 1726 lapidem),
302 1681 482 1715 IFuehrer
506 1680 577 1713 Ein
604 1679 756 1724 Beitrag
782 1691 844 1713 zur
863 1680 1034 1723 Loesung
1061 1679 1124 1713 der
1144 1678 1426 1721 Felicitasfrage

88 1728 271 1773 (Freising
298 1730 401 1773 1890)
427 1740 460 1772 p.
489 1732 505 1761 1
523 1739 600 1771 sqq.
630 1731 695 1761 113
711 1739 788 1770 sqq.

183 1775 376 1810 Ianuarius
397 1787 489 1808 unus
511 1775 555 1809 de
577 1776 718 1818 septem
737 1773 946 1808 Felicitatis
974 1773 1032 1813 (cf.
1054 1786 1086 1808 11.
1110 1774 1173 1807 41*
1194 1775 1232 1807 et
1250 1774 1308 1816 86)
1328 1771 1425 1815 filiis,

89 1823 240 1867 Martyr.
268 1822 416 1857 Hieron.
444 1822 493 1856 VI
519 1822 567 1856 id.
589 1821 668 1865 lul,
695 1821 803 1856 Rossi
830 1822 947 1855 Roma
974 1822 1059 1855 sott.
1087 1821 1102 1855 Ι
1126 1833 1160 1865 p.
1185 1824 1261 1854 180.
1285 1824 1347 1853 181

149 2047 319 2102 Aspice:
352 2050 393 2088 et
425 2047 494 2087 hic
526 2047 714 2088 tumulus
746 2047 901 2088 retinet
932 2046 1126 2087 caelestia
1157 2045 1346 2086 membra

150 2122 408 2171 sanctorum,
441 2117 583 2158 subito
616 2119 757 2172 rapuit
790 2133 895 2172 quos
927 2118 1043 2172 regia
1075 2117 1189 2157 caeli.

150 2189 195 2229 hi
227 2189 363 2229 crucis
396 2188 578 2229 inuictae
611 2189 786 2229 comites
817 2189 1059 2243 pariterque
1092 2186 1275 2228 ministri

151 2260 327 2301 rectoris
359 2259 492 2300 sancti
526 2259 806 2314 meritumque
838 2259 1047 2313 fidemque
1080 2257 1211 2299 secuti

95 2342 113 2371 5
154 2330 360 2371 aetherias
392 2331 550 2384 petiere
584 2330 729 2372 domos
761 2344 974 2386 regnaque
1005 2330 1183 2383 piorum.
