1636 2593
555 89 1031 125 PSEVDODAMASIANA

1410 91 1464 132 75

126 205 273 229 uersum
305 194 329 228 cl
360 193 467 228 addit
499 195 561 229 cleo
588 197 691 239 patri
720 197 767 231 sit
797 176 930 241 910110,
961 209 998 230 111
1029 199 1148 231 totam
1179 196 1370 241 stropham
1402 199 1465 233 deo

122 243 227 286 patri
250 243 297 276 sit
326 242 443 287 yzorz'a
472 242 615 287 eiusque
645 244 712 278 soli
734 245 811 287 filio
842 256 922 279 cum
946 246 1079 289 spiritu
1100 246 1280 289 paraclito
1310 249 1343 280 et
1367 256 1465 280 ‘nunc

125 294 157 324 et
182 290 221 323 ‘in
242 293 455 334 perpetuum

337 1266 379 1296 10

339 1643 380 1673 15

338 2019 382 2049 20

769 388 820 429 71

425 477 628 512 HYMNVS
655 478 717 512 DE
745 478 933 513 SANCTA
959 478 1160 513 AGATHA

425 573 627 628 Martyris
659 587 752 615 6666
785 574 871 614 dies
902 574 1096 630 Agathae

426 644 606 699 uirginis
639 645 790 686 emicat
822 645 1017 699 eximiae,

427 713 620 755 Christus
652 728 743 755 eam
774 714 856 755 sibi
889 729 971 768 qua
1003 716 1135 756 sociat

425 787 466 826 et
499 785 689 825 diadema
721 784 875 839 duplex
902 785 1082 826 decorat.

425 880 556 933 stirpe
589 878 755 933 decens,
787 878 956 934 elegans
989 880 1144 933 specie,

425 949 499 990 sed
529 949 664 1004 magis
697 949 861 989 actibus
893 952 1019 1003 atque
1051 949 1149 1004 fide,

424 1022 560 1060 terrea
592 1034 793 1073 prospera
824 1019 886 1060 nil
917 1022 1135 1074 reputans,

425 1090 537 1131 iussa
570 1090 635 1130 dei
667 1090 749 1130 sibi
781 1090 905 1131 corde
937 1090 1086 1145 ligans.

423 1183 577 1224 fortior
607 1183 709 1224 haec
742 1183 1015 1237 trucibusque
1048 1183 1152 1224 uiris

424 1254 620 1308 exposuit
650 1268 726 1295 sua
757 1254 947 1294 membra
977 1254 1139 1309 fiagris3

423 1327 592 1379 pectore
625 1339 751 1378 quam
783 1325 912 1365 fuerit
942 1325 1102 1379 ualido,

425 1398 538 1437 torta
570 1396 757 1436 mamilla
790 1395 910 1436 docet
941 1395 1099 1449 patulo.

427 1490 599 1531 deliciae
633 1490 701 1530 cui
733 1503 873 1530 carcer
904 1491 1010 1543 erat,

424 1563 570 1615 pastor
601 1575 724 1601 ouem
756 1559 907 1600 Petrus
938 1559 1046 1600 hanc
1077 1562 1255 1613 recreat,

425 1632 521 1673 inde
553 1631 700 1687 gauisa
731 1630 950 1686 magisque
982 1630 1166 1685 flagrans

427 1704 578 1743 cuncta
608 1701 777 1757 flagella
808 1702 995 1742 cucurrit
1026 1715 1170 1742 ouans.

426 1796 594 1837 ethnica
625 1795 751 1836 turba
782 1810 934 1851 rogum
966 1795 1133 1850 fugiens

426 1858 553 1907 huius
586 1869 627 1908 et
658 1867 749 1920 ipsa
780 1868 966 1907 meretur
997 1880 1137 1920 opem3

427 1951 533 1991 quos
565 1937 662 1977 fidei
694 1936 845 1977 titulus
878 1936 1064 1991 decorat,

426 2007 492 2049 his
524 2022 719 2048 uenerem
750 2007 886 2062 magis
918 2007 1008 2061 ipsa
1040 2009 1214 2060 premat.

427 2102 510 2142 iam
542 2101 727 2141 renitens
759 2100 878 2155 quasi
910 2116 1063 2155 sponsa
1094 2101 1192 2155 polo

427 2187 504 2226 pro
536 2172 700 2212 miseris
733 2171 913 2225 suplicet
944 2172 1132 2227 domin03

425 2242 485 2283 sic
517 2257 592 2282 sua
623 2242 730 2282 festa
760 2242 842 2283 coli
873 2242 1017 2296 faciat,

427 2327 470 2353 se
503 2312 814 2354 celebrantibus
845 2315 894 2353 ut
924 2313 1076 2353 faueat.
