1636 2593
449 384 739 428 ADDENDA
770 385 844 427 ET
879 384 1260 427 CORRIGENDA

182 568 241 602 Ad
266 580 300 602 n.
324 571 344 602 8
418 568 472 602 De
511 567 605 602 actis
642 569 848 612 martyrum
891 579 1008 612 nuper
1045 567 1124 613 egit
1161 567 1368 603 FSchaefer
1404 569 1530 603 Roem.

467 614 760 657 Quartalschrift
785 615 872 649 VIII
899 619 990 649 1894
1014 628 1048 660 p.
1071 619 1114 649 89
1130 627 1206 659 sqq.

270 675 304 697 n.
327 667 369 696 32
422 662 675 707 Anthologiae
703 662 818 708 epigr.
845 662 1004 697 inseruit
1029 662 1233 697 Buecheler
1258 675 1292 697 n.
1315 666 1382 696 903

270 723 304 745 11.
327 714 371 744 44
399 722 432 744 u.
455 713 475 744 3
525 721 720 745 mensurae
753 712 929 745 dec-crans
961 709 1171 754 exemplum
1195 709 1383 744 LMueller
1415 710 1459 745 de
1492 721 1530 745 re

465 760 570 792 metr.
597 770 631 802 p.
654 761 723 792 364
756 757 858 801 (edit.
880 758 913 791 Π
942 761 1032 791 1894
1057 770 1091 802 p.
1113 760 1195 802 454)
1226 757 1368 802 profert
1393 768 1438 792 ex
1464 757 1530 793 Co-

465 804 562 850 rippi
588 805 740 839 Iohann.
764 805 814 838 III
835 809 920 849 300,
953 805 1053 849 quod
1086 817 1175 839 num
1200 807 1299 840 recte
1327 816 1364 840 se
1391 805 1531 840 habeat

465 852 554 887 licet
583 852 750 887 dubitari

271 913 305 935 n.
327 904 371 934 49
398 913 432 945 p.
455 904 511 944 53,
534 903 576 934 13
626 911 692 945 pro
720 900 928 945 Hiacynthe
955 900 1074 934 scribe
1102 900 1313 945 He'(1c]mtho

273 961 307 982 n.
331 952 374 982 53
402 960 435 982 u.
458 952 475 982 7
529 947 572 981 cf.
600 946 804 981 Buecheler
830 947 941 981 Anth.
963 946 1078 992 epigr.
1100 960 1133 981 n.
1157 951 1225 981 904

271 1008 304 1030 n.
331 1000 375 1030 60
385 995 408 1029 d
469 995 509 1028 in
529 994 782 1029 delineatione
803 1006 924 1029 errore
946 994 1123 1029 omissum
1143 996 1200 1029 est
1213 993 1415 1039 uestigium
1434 994 1449 1029 I
1470 994 1531 1029 lit-

466 1044 569 1076 terae
596 1042 696 1086 quod
723 1042 886 1076 cernitur
911 1041 1008 1076 infra
1035 1041 1060 1076 C
1088 1042 1255 1076 litteram

273 1103 307 1124 11.
331 1094 374 1124 72
425 1089 469 1124 cf.
492 1089 651 1124 addend.
680 1090 729 1123 ad
754 1102 788 1124 n.
812 1093 875 1123 101

272 1151 306 1172 n.
330 1141 373 1172 74
424 1136 628 1171 Buecheler
653 1136 765 1171 Anth.
787 1136 903 1182 epigr.
924 1149 958 1171 n.
981 1140 1047 1171 913
1075 1136 1309 1181 distinguens
1337 1137 1385 1171 ad
1411 1147 1532 1171 exem-

469 1184 574 1229 plum
599 1184 864 1219 NicLaurentii

273 1245 306 1267 n.
331 1236 373 1267 78
424 1232 630 1266 Buecheler
654 1244 688 1266 n.
711 1236 776 1266 911
805 1231 943 1266 retinet
969 1231 1139 1266 codicum
1165 1231 1343 1266 lectiones
1371 1243 1404 1266 u.
1426 1235 1448 1266 4
1471 1232 1529 1275 fu-

467 1291 586 1322 nerea,
613 1283 633 1313 5
661 1279 860 1324 Heppob‘ti,
889 1283 908 1313 9
934 1279 1132 1313 mundatus

272 1340 306 1361 n.
329 1332 370 1361 81
400 1339 433 1361 u.
457 1331 473 1360 1
526 1328 691 1369 rabidas,
723 1328 765 1361 ut
796 1325 941 1361 monuit
966 1325 1186 1369 Buecheler,
1220 1326 1265 1360 <le
1291 1336 1391 1360 more
1419 1325 1531 1360 Ouidi

469 1385 511 1408 ac
536 1376 745 1418 poetarum,
772 1385 801 1409 e.
823 1386 875 1419 gr.
897 1373 1047 1408 Metam.
1069 1373 1137 1407 VH
1156 1377 1225 1407 413
1250 1374 1380 1408 ‘rabida
1407 1374 1466 1408 ira

274 1434 309 1456 n.
331 1426 375 1455 82
426 1421 630 1456 Buecheler
657 1422 700 1455 de
727 1433 760 1456 u.
784 1426 803 1455 3
829 1421 922 1455 haec
947 1431 1091 1455 mecum
1117 1419 1424 1455 communicauit:
1453 1421 1533 1464 ‘po-

468 1468 542 1502 tuit
580 1471 713 1513 (neque
752 1468 851 1503 enim
887 1468 970 1512 plus
1009 1479 1121 1511 quam
1159 1467 1325 1512 potuisse
1361 1467 1530 1510 dixerim)

469 1521 623 1561 sumunt
647 1517 730 1550 huic
755 1518 855 1559 facta
880 1520 1022 1559 topasoz
1048 1517 1129 1550 tum
1152 1526 1308 1558 sequens
1328 1525 1456 1548 uersus
1483 1514 1532 1548 ad

468 1563 729 1608 pontificatum
760 1562 934 1607 martyris
966 1562 1118 1606 respicit
1154 1564 1191 1596 et
1221 1567 1331 1596 natus
1361 1561 1460 1605 quod
1492 1561 1531 1595 in

470 1610 552 1644 istis
579 1610 675 1644 nihil
698 1609 823 1644 ualere
844 1610 1004 1653 uidetur⁷
1030 1609 1069 1643 in
1090 1609 1219 1653 fugato
1239 1620 1338 1653 papa
1365 1608 1532 1652 aliquam

469 1657 547 1690 uim
584 1657 731 1701 accipit.
784 1657 860 1691 alia
898 1667 1043 1700 quoque
1082 1658 1245 1690 mentem
1282 1655 1428 1690 subiere
1471 1655 1529 1700 (cf.

469 1704 635 1739 quenal,
651 1704 701 1738 VI
726 1708 789 1738 153
809 1705 918 1748 Iaso),
946 1704 1010 1737 secl
1030 1703 1140 1737 nimis
1168 1706 1233 1738 aut
1256 1703 1438 1738 inusitata
1464 1704 1530 1737 aut

471 1763 537 1796 per
563 1763 601 1786 se
627 1751 922 1796 improbabilia’.

278 1813 312 1834 n.
335 1804 378 1833 89
430 1799 633 1834 Buecheler
659 1798 770 1833 Anth.
793 1799 907 1843 epigr.
930 1810 963 1832 n.
986 1802 1051 1832 917

278 1860 311 1882 n.
337 1851 402 1881 101
430 1846 604 1881 similiter
636 1846 877 1880 statuendum
909 1856 987 1880 esse
1020 1844 1223 1879 Buecheler
1253 1846 1379 1879 monet
1417 1846 1529 1887 atque

472 1894 517 1928 de
552 1893 739 1938 superiore
765 1906 798 1927 11.
823 1897 865 1927 74
897 1904 962 1938 per
991 1891 1139 1936 singula
1165 1892 1400 1927 columnatae
1432 1890 1531 1925 circa

471 1941 612 1975 fontem
638 1940 830 1974 aediculae
858 1940 977 1975 latera
999 1939 1160 1973 disticha
1187 1939 1389 1974 distributa
1414 1937 1529 1972 fuisse

279 2002 312 2024 n.
338 1992 403 2023 104
430 1988 634 2023 Buecheler
660 1987 771 2022 Anth.
794 1987 909 2032 epigr.
930 2000 963 2021 11.
987 1990 1054 2020 915
