1636 2593
559 129 1034 184 PSEVDODAMASIANA
1384 131 1403 170 1
1411 131 1463 172 Ol

757 274 835 314 101

248 364 333 406 Iste
365 366 569 407 salutares
600 367 696 408 fons
727 367 916 408 eontinet
947 367 1117 408 inolitus
1149 368 1281 409 undas

343 439 384 477 et
415 437 523 478 solet
553 437 782 478 humanam
813 437 1036 492 purificare
1068 438 1192 479 luem.

248 508 395 549 munia
425 509 577 549 sacrati
611 523 717 562 quae
748 508 834 549 sint
864 509 930 549 uis
962 509 1067 549 seire
1098 509 1292 563 liquoris:

343 578 444 619 dant
480 579 760 634 regnatricem
799 579 975 620 flumina
1009 582 1152 620 saneta
1188 580 1326 620 fidem.

189 660 209 690 5
249 649 371 690 ablue
404 650 521 691 fonte
553 664 671 690 sacro
703 650 860 690 ueteris
891 650 1087 704 contagia
1117 650 1248 704 uitae,

342 736 366 761 o
397 720 579 761 nimium
611 720 731 774 felix,
761 720 860 760 uiue
892 723 1062 760 renatus
1094 735 1213 774 aqua.

249 790 362 832 hunc
393 791 555 832 fontem
588 790 843 844 quicumque
874 791 999 845 petit,
1030 793 1196 831 terrena
1226 789 1445 843 relinquit,

343 860 499 902 subicit
530 863 572 902 et
602 860 780 915 pedibus
813 875 934 901 caeca
965 860 1210 901 ministeria.

228 964 412 1009 Scriptum
432 964 504 998 fuit
527 965 591 999 ‘ad
610 964 766 999 fontem’
789 964 968 999 ecelesiae
989 976 1014 999 s.
1036 964 1228 999 Laurentii
1249 964 1289 997 in
1307 964 1467 997 Damaso

130 1012 226 1046 teste
253 1011 296 1055 V,
323 1011 388 1046 ubi
415 1011 617 1046 distichum
641 1011 794 1047 Damasi
820 1024 854 1045 n.
880 1015 923 1046 55
948 1011 1149 1056 praeeedit.
1198 1012 1284 1056 post
1310 1010 1470 1045 Sirmon-

132 1058 220 1092 dum
245 1059 308 1103 (ad
334 1058 458 1094 Sidon.
480 1058 601 1103 Apoll.
622 1059 673 1092 ΙΠ
699 1070 754 1103 ep.
777 1063 831 1102 12,
858 1059 955 1093 unde
980 1059 1145 1103 pendent
1171 1058 1346 1092 Sarazani
1371 1070 1404 1092 n.
1425 1061 1468 1091 38

130 1106 168 1139 et
192 1105 374 1140 Marinius
401 1118 458 1150 ap.
486 1106 628 1140 Maium
654 1106 786 1150 Script.
810 1108 882 1140 uet.
905 1106 937 1139 V
956 1118 991 1150 p.
1014 1109 1092 1149 170,
1115 1108 1147 1149 1)
1174 1105 1293 1139 edidit
1317 1104 1469 1139 Rossius

129 1152 229 1187 IChr.
251 1153 286 1186 H
303 1165 338 1197 p.
356 1157 421 1187 135
442 1165 476 1187 n.
493 1158 524 1188 6.
563 1153 724 1187 Damaso
750 1152 826 1187 iam
845 1153 1022 1187 Merenda
1048 1152 1332 1186 abiudieauerat
1350 1163 1384 1195 p.
1401 1155 1466 1185 241

131 1199 179 1233 ad
205 1212 239 1234 n.
261 1204 316 1243 35,
344 1200 387 1234 ef.
409 1200 517 1234 Rossi
543 1200 637 1234 Bull.
660 1199 759 1234 erist.
782 1203 1013 1234 1884—1885
1039 1212 1073 1244 p.
1097 1203 1149 1234 10.
1201 1198 1332 1233 similis
1360 1210 1468 1242 argu-

129 1246 247 1281 menti
272 1246 544 1291 epigrammata
568 1259 602 1281 n.
626 1251 773 1281 72-74.
797 1250 862 1280 105

227 1297 245 1327 1
272 1295 446 1329 salutaris
467 1293 643 1328 Sarazani
728 1297 748 1327 5
775 1295 878 1329 ablue
896 1295 994 1337 fonte
1013 1305 1142 1328 memus
1163 1297 1240 1337 74,ss
1327 1298 1346 1326 6
1374 1292 1467 1326 Stat.

133 1341 221 1375 Silu.
236 1340 270 1375 V
286 1344 316 1385 5,
333 1344 377 1375 59
403 1353 422 1376 ο
442 1343 596 1375 nimium
614 1342 715 1385 felix,
741 1341 793 1374 ΠΙ
813 1344 845 1384 3,
866 1344 909 1375 25
935 1342 1034 1385 felix,
1060 1353 1093 1384 a,
1112 1342 1266 1375 nimium
1284 1340 1383 1383 selim.
1424 1339 1467 1373 cf.

131 1388 240 1432 Verg.
263 1387 394 1433 Georg.
415 1389 449 1422 Π
468 1392 535 1422 458
563 1401 581 1423 O
606 1390 812 1431 fortunatos
836 1389 989 1423 nimimn

758 1532 839 1572 102

189 1624 289 1666 Non
312 1625 468 1666 mirum
489 1628 563 1679 est,
589 1625 718 1666 fallax
744 1625 922 1666 nimium
952 1624 1065 1679 quod
1089 1624 1259 1664 flamma
1284 1623 1471 1663 minatur

281 1696 481 1749 martyris
514 1698 557 1736 et
587 1710 740 1750 eorpus
773 1696 836 1736 nil
866 1696 1061 1737 nocitura
1092 1697 1260 1736 cremat.

192 1780 376 1820 namque
409 1767 530 1807 docet
560 1767 659 1807 fidei
691 1781 889 1822 magnam
921 1767 1009 1807 sine
1041 1765 1207 1806 uindice
1239 1779 1374 1818 poena

281 1836 333 1876 ad
365 1837 527 1877 caelum
558 1837 709 1878 mediis
740 1837 912 1892 ignibus
945 1851 1032 1877 esse
1064 1836 1189 1877 uiam.

135 1918 154 1948 5
192 1907 305 1948 hunc
337 1907 493 1948 etenim
524 1907 682 1948 fruitur
713 1910 875 1961 martyr
906 1906 1159 1948 Laurentius
1190 1906 1331 1961 ignem

281 1980 323 2018 et
352 1977 517 2018 meritis
548 1978 724 2018 summis
755 1993 808 2019 ne
839 1978 1047 2019 moriatur
1079 1977 1179 2032 agit.

225 2082 280 2115 Ex
305 2082 350 2125 L,
382 2080 446 2124 qui
479 2081 576 2115 solus
609 2082 775 2116 seruauit
806 2093 889 2115 oum
920 2081 1094 2115 lemmate
1126 2081 1167 2114 'm
1197 2081 1342 2114 emulum
1375 2079 1469 2112 beati

140 2130 330 2164 Laurentii
360 2129 550 2173 martyris,
582 2128 779 2163 ediderunt
805 2128 908 2163 Grut.
938 2132 1044 2171 1164,
1067 2131 1126 2171 12,
1159 2126 1338 2160 Marinius
1372 2124 1471 2168 apud

133 2176 274 2210 Maium
295 2175 426 2220 Seript.
448 2177 520 2210 uet.
536 2175 569 2208 V
588 2187 622 2219 p.
645 2179 700 2219 33,
716 2179 747 2219 3,
768 2175 875 2210 Rossi
895 2175 995 2210 IChr.
1016 2175 1050 2208 II
1068 2187 1103 2219 p,
1121 2177 1263 2217 151,‘24.
1308 2173 1469 2206 Damaso

134 2222 419 2257 uindicauerunt
439 2222 667 2267 argumentis
693 2233 767 2256 non
793 2222 931 2256 adlatis
952 2221 1132 2256 Baronius
1158 2232 1190 2254 a.
1212 2224 1279 2254 384
1306 2221 1343 2253 et
1363 2219 1470 2253 Sara-

133 2269 260 2303 zam'us
285 2282 319 2304 n.
343 2273 403 2313 19,
430 2269 587 2304 fortasse
613 2269 702 2312 quia
727 2269 767 2303 in
792 2269 918 2304 codiee
943 2267 1135 2313 praeeedit
1161 2277 1308 2301 carmen
1332 2266 1467 2300 Dama-

133 2317 278 2351 sianum
304 2320 365 2360 573
397 2318 593 2360 utrumque
626 2315 725 2350 enim
755 2316 951 2361 legebatur
976 2316 1015 2350 in
1041 2314 1197 2350 ecelesia
1223 2325 1249 2348 s.
1276 2312 1469 2347 Laurentii

132 2363 170 2397 iu
197 2363 369 2398 Damaso.
421 2363 500 2398 iure
528 2362 722 2397 damnauit
747 2363 924 2397 Merenda
950 2363 1012 2407 (ad
1038 2374 1071 2396 n.
1094 2363 1151 2406 14)
