1636 2593
566 64 860 100 TESTIMONIA
1305 67 1385 101 XLI

54 173 296 227 episcopum
329 174 370 211 et
403 164 588 212 Orientis
620 174 745 226 atque
778 171 1015 215 Occidentis
1047 174 1258 228 synodicis
1290 188 1383 215 con-

53 229 354 273 sultationibus
385 230 679 284 responderem
712 231 839 287 eqs.¹)

139 372 308 414 Hieron.
342 372 389 413 de
413 372 491 412 uir.
517 372 588 413 inl.
615 375 696 413 103
727 372 945 427 Damasus,
976 373 1189 414 Romanae
1221 374 1339 415 urbis
1351 373 1384 430 2)

54 431 290 486 episcopus,
332 429 500 486 elegans
538 431 583 471 in
613 431 806 472 uersibus
838 433 1136 486 componendis
1168 433 1385 488 ingenium

52 490 204 530 habuit
234 489 452 543 multaque
484 491 526 530 et
540 488 574 545 3)
606 489 753 530 breuia
785 491 986 544 opuscula
1009 491 1179 532 heroico
1205 490 1383 547 metr04)

54 548 184 590 edidit
216 551 257 589 et
287 562 418 602 prope
451 546 788 605 octogenarius5)
821 549 898 590 sub
931 549 1165 591 Theodosio
1198 550 1386 604 principe

52 610 245 649 mortuus
277 605 388 663 est.⁶)

141 666 362 719 Sophronii
391 667 524 708 mersio
560 664 721 708 Graeca
751 666 826 719 (-—-
849 665 1001 708 Samias
1032 680 1061 707 s.
1087 681 1125 708 n.
1159 667 1388 721 Δάμασος)

53 726 262 780 Δάμασος
280 723 443 779 Ῥώμης
469 724 701 774 ἐπίσκοπος
726 727 787 774 εἰς
812 725 1040 767 ἐποποιίαν
1065 726 1231 779 εὐφυὴς
1249 726 1387 767 πολλὰ

52 783 124 826 καὶ
157 785 352 839 σύντομα
384 783 555 840 ἡρωικῷ
589 782 729 840 μέτρῳ
762 783 940 834 ἐξέδωκε
972 783 1044 825 καὶ
1071 784 1387 838 ὀγδοηκοντού-

55 858 130 897 της
174 842 243 885 ἐπὶ
289 844 532 884 Θεοδοσίου
575 841 786 896 βασιλέως
830 842 1117 895 ἐτελεύτησεν.
1181 843 1388 898 (ἔγραψεν

53 901 124 944 καὶ
157 903 266 944 ἄλλα
298 902 437 943 πολλά
469 902 793 943 additamentum
825 900 1008 957 Sufz'dae).

140 1031 312 1073 Hieron.
338 1035 478 1073 contra
497 1031 724 1073 Iohannem,
743 1031 944 1073 Hesserosoz.
969 1034 996 1072 8
1026 1029 1194 1084 (Miyne
1219 1029 1396 1071 XXIII

45 1104 89 1144 10.
116 1092 217 1145 361)
257 1090 512 1131 miserabilis
536 1090 832 1131 Praetextatus
865 1090 938 1144 qui
971 1090 1213 1145 designatus
1245 1089 1391 1130 consul

55 1151 118 1190 est
153 1152 365 1205 mortuus3
408 1149 536 1190 homo
576 1149 804 1204 sacrilegus
843 1151 885 1189 et
916 1148 1126 1189 idolorum
1159 1148 1296 1188 cultor
1328 1162 1389 1188 so-

53 1208 169 1249 lebat
208 1209 357 1249 ludens
398 1208 522 1249 beato
563 1222 695 1262 papae
733 1207 916 1248 Damaso
959 1207 1111 1248 dicere:
1161 1207 1286 1247 facite
1323 1220 1390 1247 me

54 1267 270 1308 Romanae
296 1267 414 1308 urbis
441 1267 684 1321 episcopum
711 1269 753 1307 et
785 1281 855 1307 ero
888 1266 1081 1321 protinus
1115 1264 1390 1306 Christianus.

143 1396 280 1438 Amm.
308 1396 495 1438 Marcell.
528 1396 723 1438 XXVII
747 1399 784 1447 3,
805 1400 855 1437 11
887 1395 963 1449 (ad
992 1410 1028 1436 α.
1061 1395 1165 1449 367)
1204 1393 1392 1435 Aduenit

56 1469 269 1497 successor
301 1455 389 1496 eius
423 1454 491 1510 (sc.
519 1455 739 1509 Lampadii
771 1455 900 1509 praef.
926 1453 1037 1510 urb.)
1072 1468 1122 1495 ex
1155 1453 1391 1507 quaesitore

55 1514 202 1568 palatii
233 1513 462 1555 Viuentius
493 1514 657 1569 integer
689 1516 731 1554 et
760 1514 944 1568 prudens
974 1512 1237 1566 Pannonius⁷
1274 1511 1392 1553 cuius

58 1573 368 1614 administratio
402 1573 545 1627 quieta
576 1573 659 1614 fuit
690 1576 732 1614 et
762 1572 944 1627 placida,
983 1572 1103 1626 copia
1134 1585 1274 1612 rerum
1307 1585 1392 1611 om-

56 1632 174 1672 nium
212 1632 410 1673 adfluens.
473 1632 544 1673 sed
581 1631 693 1673 hunc
731 1645 898 1686 quoque
938 1630 1215 1672 discordantis
1246 1629 1393 1683 populi

154 1785 186 1828 1)
225 1783 269 1818 cf.
309 1782 424 1818 etiam
461 1782 679 1827 Hieronymi
717 1782 823 1827 epist.
864 1783 912 1817 ad
949 1782 1151 1816 Damasum
1188 1780 1265 1823 XV,
1298 1779 1391 1822 XVI⁷

56 1831 193 1875 XVIII⁷
219 1830 303 1865 XXI
337 1832 375 1864 et
405 1829 559 1864 Damasi
591 1830 638 1864 ad
664 1829 930 1874 Hieronymum
960 1828 1060 1872 XIX,
1087 1827 1232 1870 XXXV,
1258 1826 1391 1870 quibus

58 1877 251 1924 respondit
287 1877 480 1922 presbyter
518 1877 624 1921 epist.
660 1877 727 1911 XX
765 1879 802 1911 et
838 1876 999 1911 XXXVI.
1068 1875 1172 1910 Rade
1210 1874 1391 1908 Damasus

86 1955 91 1960 .
121 1929 186 1960 142
208 1937 285 1969 sqq.

56 1937 81 1970 p
156 1974 190 2015 2)
217 1972 353 2007 Romae
378 1973 480 2006 urbis
504 1971 565 2005 uel
591 1973 691 2006 urbis
716 1971 852 2006 Romae
878 1970 1023 2005 codices
1049 1968 1170 2014 pauci.

154 2022 189 2062 3)
216 2024 247 2054 et
273 2018 451 2053 omittunt
477 2019 582 2053 codd.
609 2018 736 2063 pauci,
770 2018 809 2052 in
834 2018 891 2052 his
917 2017 1032 2051 Paris.
1062 2020 1173 2050 12161
1202 2025 1294 2049 saec.
1315 2013 1392 2057 VII⁷

60 2066 145 2101 Vat.
171 2065 302 2110 Regin.
330 2069 397 2099 342
425 2076 518 2100 saec.
546 2065 606 2100 XI.

155 2115 189 2156 4)
221 2114 358 2148 heroico
396 2117 504 2148 metro
542 2113 646 2147 codd.
686 2123 777 2156 quos
810 2111 953 2157 inspexi
985 2110 1061 2145 fere
1094 2120 1235 2152 omnes,
1274 2107 1391 2141 omitt.

59 2160 202 2195 Monac.
231 2163 321 2194 6333
349 2170 442 2194 saec.
470 2159 530 2193 IX.
582 2159 625 2194 cf.
659 2160 774 2194 Ebert
800 2159 929 2194 Gesch.
958 2158 1021 2192 der
1047 2156 1186 2191 christl.
1214 2155 1277 2189 lat.
1305 2153 1390 2187 Litt.

60 2207 95 2241 1²
117 2220 153 2252 p.
176 2211 253 2251 129,
270 2211 299 2241 1.
349 2207 453 2240 Rade
479 2218 512 2251 p.
536 2210 659 2249 148,2.

155 2256 189 2299 5)
214 2255 473 2299 octoyinarius,
499 2255 776 2299 octuaqenarms
801 2253 847 2287 al.

156 2303 190 2346 6)
214 2303 368 2336 moritur
393 2301 471 2335 cod.
500 2300 663 2344 Sangall.
693 2304 756 2334 191
786 2311 879 2335 saec.
906 2299 947 2333 X.
