1636 2593
167 72 304 106 XXXII
691 71 989 106 TESTIMONIA

168 195 312 222 earum
350 180 419 221 uel
455 180 686 234 propinqui
717 180 965 234 putauerint
997 179 1253 223 deferendos.
1293 196 1512 223 censemus

170 241 298 281 etiam
336 242 384 279 ut
421 239 645 280 memorati
683 239 793 280 nihil
831 239 879 281 de
912 240 1001 280 eius
1032 240 1223 281 mulieris
1255 242 1322 282 cui
1354 256 1397 282 se
1430 242 1514 296 pri-

169 300 305 340 uatim
337 298 416 339 sub
449 301 672 353 praetextu
698 299 918 355 religionis
945 299 1226 354 adiunxerint,
1257 300 1513 342 liberalitate

170 372 437 412 quacumque
477 358 547 399 uel
588 360 776 399 extremo
818 358 975 399 iudicio
1022 359 1187 412 possint
1235 359 1428 414 adipisci,
1473 363 1515 400 et

169 432 293 458 omne
332 417 377 458 in
415 420 582 458 tantum
621 418 817 458 inefficax
858 418 913 459 sit
951 417 1065 471 quod
1105 418 1231 459 alicui
1268 418 1422 459 horum
1460 417 1513 459 ab

169 477 236 517 his
268 477 399 517 fuerit
431 476 697 531 derelictum,
729 480 777 517 ut
808 492 883 518 nec
915 491 990 531 per
1022 476 1255 518 subiectam
1287 492 1512 532 personam

169 537 340 577 ualeant
373 535 534 590 aliquid
565 536 634 577 uel
661 536 886 577 donatione
912 536 982 577 uel
1007 538 1260 578 testamento
1286 538 1514 591 percipere.

170 596 275 650 quin
313 596 441 636 etiam
479 596 515 636 si
553 596 663 637 forte
701 598 798 650 post
836 595 1169 636 admonitionem
1207 596 1313 651 legis
1344 598 1514 637 nostrae

170 655 334 709 aliquid
365 655 515 696 iisdem
554 669 625 696 eae
663 654 843 696 feminae
876 655 946 696 uel
979 655 1204 696 donatione
1231 655 1299 696 uel
1325 657 1513 696 extremo

170 715 327 756 iudicio
378 714 625 769 putauerint
668 714 1011 769 relinquendum,
1061 714 1105 754 id
1152 714 1278 755 fiscus
1327 717 1514 768 usurpet.

170 777 358 815 ceterum
391 774 426 814 si
454 788 597 814 earum
625 774 698 828 qui
724 774 945 815 uoluntate
971 773 1224 827 percipiunt,
1256 773 1308 814 ad
1335 788 1514 827 quarum

171 834 479 874 successionem
517 833 586 874 uel
624 833 735 874 bona
767 833 858 874 iure
891 833 1009 874 ciuili
1039 833 1109 873 uel
1141 832 1267 873 edicti
1298 832 1515 873 beneficiis

171 893 446 946 adiuuantur,
490 892 661 946 capiant
703 894 751 932 ut
795 892 1037 946 propinqui.
1099 891 1207 932 lecta
1245 891 1289 931 in
1329 891 1515 932 ecclesiis

176 952 294 993 Rom.
327 952 390 993 IV
422 952 503 992 kal.
537 951 647 1007 Aug.
667 951 970 993 Valentiniano
1004 953 1046 992 et
1065 950 1245 991 Valente
1277 949 1342 991 ΠΙ
1374 949 1514 1006 00831)

264 1069 357 1112 Coa.
395 1070 434 1111 Τ
436 1071 545 1111 Ιιθοᾱ.
580 1069 627 1110 X
635 1069 703 1111 VI
728 1073 763 1120 1,
783 1072 813 1111 2
845 1070 912 1122 (de
941 1071 1020 1123 fide
1051 1068 1268 1122 catholiea)
1332 1066 1516 1108 Cunctos

171 1130 353 1183 populos
384 1143 490 1183 quos
517 1128 764 1169 clementiae
790 1132 959 1170 nostrae
986 1128 1098 1184 regit
1123 1129 1517 1181 temperamentum,

175 1190 215 1229 in
253 1189 328 1229 tali
367 1188 566 1229 uolumus
605 1187 810 1242 religione
842 1188 1015 1241 uersari,
1054 1202 1182 1241 quam
1215 1186 1408 1226 diuinum
1442 1185 1516 1226 Pe—

171 1251 286 1288 trum
321 1247 563 1302 apostolum
589 1247 812 1287 tradidisse
838 1246 1042 1287 Romanis
1068 1245 1220 1300 religio
1246 1259 1380 1298 usque
1405 1257 1517 1284 nunc

171 1307 223 1347 ab
257 1307 349 1361 ipso
382 1307 596 1347 insinuata
629 1306 824 1360 declarat,
857 1319 1069 1360 quamque
1094 1304 1340 1359 pontificem
1365 1303 1518 1344 Dama-

170 1382 264 1407 sum
297 1367 416 1420 sequi
449 1366 579 1407 claret
611 1380 695 1420 eqs.
729 1364 786 1421 (a.
818 1364 977 1422 380).²)

259 1485 459 1526 Faustini
497 1489 533 1526 et
570 1483 813 1525 Marcellini
843 1483 1169 1535 presbyterorum
1203 1481 1342 1533 partis
1376 1478 1518 1520 Vrsini

170 1545 369 1586 aduersus
425 1544 659 1585 Damasum
716 1542 872 1583 libellus
918 1555 1088 1594 precum
1143 1540 1201 1581 ad
1252 1540 1517 1591 ‘imperatores

181 1603 516 1645 Valentinianum
572 1602 845 1643 Theodosium
911 1600 1153 1641 Arcadium.
1235 1597 1451 1650 Praefatio
1467 1595 1519 1652 3):

267 1757 299 1798 1)
329 1754 372 1788 cf.
401 1754 504 1788 Rade
531 1753 553 1788 l.
583 1764 610 1787 c..
638 1765 672 1798 p.
695 1756 739 1787 50
755 1764 805 1796 sq.

267 1804 302 1845 ⁶2)
330 1801 493 1836 Cassiod.
521 1800 616 1835 Hist.
644 1799 729 1845 trip.
757 1799 807 1833 IX
836 1803 865 1833 7.
1274 1828 1280 1832 .

267 1852 301 1893 3)
327 1848 467 1894 primus
495 1848 614 1883 edidit
640 1847 856 1882 Sil-mondus
882 1844 1035 1880 Parisiis
1059 1847 1159 1878 1650.
1195 1845 1299 1878 extat
1324 1842 1363 1876 in
1388 1841 1515 1876 Iacobi

171 1896 359 1931 Sirmondi
385 1907 467 1940 opp.
495 1907 572 1930 uar.
594 1895 666 1929 uol.
688 1895 704 1928 I
730 1894 859 1939 (Paris.
885 1895 987 1937 1696)
1013 1905 1047 1937 p.
1071 1895 1137 1926 217
1154 1903 1232 1935 sqq.
1260 1893 1297 1925 et
1322 1890 1361 1924 in
1380 1889 1515 1934 Mignii

173 1944 313 1979 Patrol.
342 1944 422 1978 Lat.
450 1943 535 1977 XIII
573 1946 663 1976 1845
694 1954 728 1987 p.
751 1945 791 1975 81
810 1953 888 1985 sqq.
934 1940 1031 1974 unde
1057 1938 1328 1984 praefationem
1354 1936 1521 1971 hauserit

173 1991 389 2026 Sirmondus
428 1990 570 2033 nesci03
616 1991 715 2024 certe
754 1989 858 2023 deest
898 1988 937 2022 in
975 1987 1168 2021 codicibus
1206 1984 1386 2020 Parisinis
1427 1987 1517 2018 1564

171 2039 277 2083 (olim
303 2038 531 2081 Colbertino)
565 2048 658 2072 saec.
686 2036 736 2071 IX
768 2038 805 2071 et
839 2039 927 2070 1687
956 2046 1050 2069 saec.
1078 2034 1144 2078 XI,
1178 2043 1269 2077 quos
1296 2043 1378 2066 mea
1404 2041 1517 2065 causa

173 2086 337 2131 inspexit
367 2085 576 2120 AEnander
607 2084 810 2119 Parisinus.
861 2083 899 2117 in
925 2082 990 2117 illo
1018 2082 1041 2116 f.
1063 2081 1117 2116 48'
1152 2081 1291 2124 Incipit
1316 2080 1357 2114 (Ie
1382 2078 1515 2121 confes-

171 2135 271 2169 sione
308 2145 391 2169 uere
427 2134 512 2176 fidei
548 2144 672 2167 sacrae
709 2132 906 2167 communis
943 2135 975 2165 et
1008 2128 1271 2174 persecucioozc's
1302 2127 1517 2161 aduersante

172 2182 350 2217 ueritatis.
378 2181 652 2225 Depraecamur
671 2190 746 2223 eqs.
775 2178 916 2225 [Migne
931 2177 1048 2223 p.'‚83]‚
1075 2174 1229 2220 explicit
1254 2173 1356 2226 f355'
1386 2172 1521 2207 Christi

171 2230 301 2271 fauore
331 2229 537 2274 reynabitis
572 2227 838 2262 Marcellianum
865 2226 1064 2270 praesbiter
1096 2223 1240 2265 obtulliq
1280 2233 1320 2255 m
1350 2220 1419 2255 hoc
1451 2218 1475 2253 f.
1499 2223 1516 2253 1

175 2277 315 2321 Incipit
341 2277 382 2311 cle
408 2276 625 2318 consessz'mae
650 2285 757 2309 uerae
782 2274 867 2316 sidet?
892 2278 923 2307 et
950 2272 1183 2307 ostentatione
1208 2269 1368 2321 ‘muneris
1386 2271 1417 2302 et
1434 2278 1516 2323 Per:

175 2325 367 2358 secutione
404 2324 619 2358 aduersante
653 2322 827 2356 ueritatis.
874 2320 1121 2364 Deprecamm·
1158 2328 1251 2360 eqs,
1286 2317 1414 2350 finitur
1439 2315 1463 2348 1.
1486 2317 1506 2348 6
