<?xml version="1.0" encoding="UTF-8"?>
<!DOCTYPE html PUBLIC "-//W3C//DTD XHTML 1.0 Transitional//EN"
    "http://www.w3.org/TR/xhtml1/DTD/xhtml1-transitional.dtd">
<html xmlns="http://www.w3.org/1999/xhtml" xml:lang="en" lang="en">
 <head>
  <title>
</title>
<meta http-equiv="Content-Type" content="text/html;charset=utf-8" />
  <meta name='ocr-system' content='tesseract 3.04.00' />
  <meta name='ocr-capabilities' content='ocr_page ocr_carea ocr_par ocr_line ocrx_word'/>
</head>
<body>
  <div class='ocr_page' id='page_1' title='image "./damasiepigrammat00damauoft_0106.png"; bbox 0 0 1636 2593; ppageno 0'>
   <div class='ocr_carea' id='block_1_1' title="bbox 264 157 1226 200">
    <p class='ocr_par' dir='ltr' id='par_1_1' title="bbox 264 157 1226 200">
     <span class='ocr_line' id='line_1_1' title="bbox 264 157 1226 200; baseline -0.009 0"><span class='ocrx_word' id='word_1_1' title='bbox 264 159 322 200; x_wconf 79' lang='lat'>50</span> <span class='ocrx_word' id='word_1_2' title='bbox 655 158 840 193; x_wconf 78' lang='lat' dir='ltr'>DAMASI</span> <span class='ocrx_word' id='word_1_3' title='bbox 866 157 1226 193; x_wconf 83' lang='lat' dir='ltr'>EPIGRAMMATA</span> 
     </span>
    </p>
   </div>
   <div class='ocr_carea' id='block_1_2' title="bbox 254 264 1636 1446">
    <p class='ocr_par' dir='ltr' id='par_1_2' title="bbox 260 264 1634 831">
     <span class='ocr_line' id='line_1_2' title="bbox 263 264 1610 310; baseline -0.001 -10"><span class='ocrx_word' id='word_1_4' title='bbox 263 265 468 301; x_wconf 76' lang='lat' dir='ltr'>Buecheler</span> <span class='ocrx_word' id='word_1_5' title='bbox 487 265 599 299; x_wconf 84' lang='lat' dir='ltr'>Anth.</span> <span class='ocrx_word' id='word_1_6' title='bbox 621 275 676 310; x_wconf 85' lang='lat' dir='ltr'>ep.</span> <span class='ocrx_word' id='word_1_7' title='bbox 698 277 732 299; x_wconf 90' lang='lat' dir='ltr'>n.</span> <span class='ocrx_word' id='word_1_8' title='bbox 756 268 834 309; x_wconf 80' lang='grc'>787,</span> <span class='ocrx_word' id='word_1_9' title='bbox 854 268 899 300; x_wconf 88' lang='lat'>48</span> <span class='ocrx_word' id='word_1_10' title='bbox 986 269 1005 299; x_wconf 99' lang='grc'>2</span> <span class='ocrx_word' id='word_1_11' title='bbox 1031 265 1130 299; x_wconf 87' lang='lat' dir='ltr'>redit</span> <span class='ocrx_word' id='word_1_12' title='bbox 1158 268 1210 299; x_wconf 88' lang='lat'>13.</span> <span class='ocrx_word' id='word_1_13' title='bbox 1233 269 1287 300; x_wconf 83' lang='lat'>30.</span> <span class='ocrx_word' id='word_1_14' title='bbox 1309 269 1363 300; x_wconf 76' lang='lat'>37.</span> <span class='ocrx_word' id='word_1_15' title='bbox 1385 269 1429 299; x_wconf 88' lang='grc'>43</span> <span class='ocrx_word' id='word_1_16' title='bbox 1516 268 1536 299; x_wconf 91' lang='grc'><strong><em>3</em></strong></span> <span class='ocrx_word' id='word_1_17' title='bbox 1563 264 1610 300; x_wconf 86' lang='lat' dir='ltr'>cf.</span> 
     </span>
     <span class='ocr_line' id='line_1_3' title="bbox 265 313 1613 358; baseline 0.001 -11"><span class='ocrx_word' id='word_1_18' title='bbox 265 318 309 348; x_wconf 84' lang='grc'>52</span> <span class='ocrx_word' id='word_1_19' title='bbox 335 314 513 358; x_wconf 44' lang='lat' dir='ltr'>san-quiue</span> <span class='ocrx_word' id='word_1_20' title='bbox 537 314 688 348; x_wconf 75' lang='lat' dir='ltr'>mutasti</span> <span class='ocrx_word' id='word_1_21' title='bbox 707 314 882 357; x_wconf 75' lang='lat' dir='ltr'>patriam,</span> <span class='ocrx_word' id='word_1_22' title='bbox 907 314 1088 357; x_wconf 71' lang='lat' dir='ltr'>ciuemque</span> <span class='ocrx_word' id='word_1_23' title='bbox 1111 313 1264 356; x_wconf 78' lang='lat' dir='ltr'>fratrem</span> <span class='ocrx_word' id='word_1_24' title='bbox 1287 314 1373 356; x_wconf 73' lang='lat' dir='ltr'>fecit</span> <span class='ocrx_word' id='word_1_25' title='bbox 1397 324 1499 348; x_wconf 80' lang='lat' dir='ltr'>amor</span> <span class='ocrx_word' id='word_1_26' title='bbox 1525 313 1613 358; x_wconf 74' lang='lat' dir='ltr'>leyis</span> 
     </span>
     <span class='ocr_line' id='line_1_4' title="bbox 265 359 1613 404; baseline 0 -10"><span class='ocrx_word' id='word_1_27' title='bbox 265 363 312 403; x_wconf 88' lang='lat' dir='ltr'>(u.</span> <span class='ocrx_word' id='word_1_28' title='bbox 341 360 440 404; x_wconf 88' lang='lat' dir='ltr'>adn.)</span> <span class='ocrx_word' id='word_1_29' title='bbox 562 363 581 393; x_wconf 84' lang='lat'>5</span> <span class='ocrx_word' id='word_1_30' title='bbox 607 362 693 404; x_wconf 89' lang='lat' dir='ltr'>post</span> <span class='ocrx_word' id='word_1_31' title='bbox 718 359 816 394; x_wconf 89' lang='lat' dir='ltr'>hunc</span> <span class='ocrx_word' id='word_1_32' title='bbox 841 371 989 394; x_wconf 88' lang='lat' dir='ltr'>uersum</span> <span class='ocrx_word' id='word_1_33' title='bbox 1014 360 1187 394; x_wconf 80' lang='lat' dir='ltr'>lacunam</span> <span class='ocrx_word' id='word_1_34' title='bbox 1214 360 1347 395; x_wconf 88' lang='lat' dir='ltr'>statuit</span> <span class='ocrx_word' id='word_1_35' title='bbox 1372 360 1524 394; x_wconf 84' lang='lat' dir='ltr'>Rossius</span> <span class='ocrx_word' id='word_1_36' title='bbox 1555 360 1613 395; x_wconf 83' lang='lat' dir='ltr'>ita</span> 
     </span>
     <span class='ocr_line' id='line_1_5' title="bbox 264 407 1612 453; baseline 0.001 -12"><span class='ocrx_word' id='word_1_37' title='bbox 264 408 340 442; x_wconf 89' lang='lat' dir='ltr'>fere</span> <span class='ocrx_word' id='word_1_38' title='bbox 373 407 596 452; x_wconf 77' lang='lat' dir='ltr'>explendam</span> <span class='ocrx_word' id='word_1_39' title='bbox 627 412 785 452; x_wconf 78' lang='lat' dir='ltr'>martyre</span> <span class='ocrx_word' id='word_1_40' title='bbox 816 408 857 441; x_wconf 70' lang='lat' dir='ltr'>in</span> <span class='ocrx_word' id='word_1_41' title='bbox 887 409 1025 442; x_wconf 71' lang='lat' dir='ltr'>inuicto</span> <span class='ocrx_word' id='word_1_42' title='bbox 1052 412 1171 452; x_wconf 79' lang='lat' dir='ltr'>posset</span> <span class='ocrx_word' id='word_1_43' title='bbox 1203 409 1291 452; x_wconf 77' lang='lat' dir='ltr'>quid</span> <span class='ocrx_word' id='word_1_44' title='bbox 1313 409 1430 453; x_wconf 59' lang='lat' dir='ltr'>{floria</span> <span class='ocrx_word' id='word_1_45' title='bbox 1460 408 1612 451; x_wconf 74' lang='lat' dir='ltr'>Christi,</span> 
     </span>
     <span class='ocr_line' id='line_1_6' title="bbox 264 454 1610 499; baseline 0 -10"><span class='ocrx_word' id='word_1_46' title='bbox 264 458 304 490; x_wconf 86' lang='lat' dir='ltr'>at</span> <span class='ocrx_word' id='word_1_47' title='bbox 323 454 419 489; x_wconf 89' lang='lat' dir='ltr'>nihil</span> <span class='ocrx_word' id='word_1_48' title='bbox 440 454 683 489; x_wconf 80' lang='lat' dir='ltr'>desideratur.</span> <span class='ocrx_word' id='word_1_49' title='bbox 723 454 882 489; x_wconf 87' lang='lat' dir='ltr'>formula</span> <span class='ocrx_word' id='word_1_50' title='bbox 901 456 997 490; x_wconf 64' lang='lat' dir='ltr'>mira</span> <span class='ocrx_word' id='word_1_51' title='bbox 1015 456 1103 497; x_wconf 76' lang='lat' dir='ltr'>fide-s·</span> <span class='ocrx_word' id='word_1_52' title='bbox 1121 466 1241 489; x_wconf 54' lang='lat' dir='ltr'>‘rerum</span> <span class='ocrx_word' id='word_1_53' title='bbox 1259 454 1358 489; x_wconf 87' lang='lat' dir='ltr'>redit</span> <span class='ocrx_word' id='word_1_54' title='bbox 1378 458 1456 497; x_wconf 77' lang='lat'>2‚11</span> <span class='ocrx_word' id='word_1_55' title='bbox 1478 457 1516 489; x_wconf 84' lang='lat' dir='ltr'>et</span> <span class='ocrx_word' id='word_1_56' title='bbox 1533 458 1610 499; x_wconf 81' lang='lat'>8‚4;</span> 
     </span>
     <span class='ocr_line' id='line_1_7' title="bbox 263 501 1610 547; baseline 0.001 -12"><span class='ocrx_word' id='word_1_57' title='bbox 263 504 386 538; x_wconf 75' lang='lat' dir='ltr'>docuit</span> <span class='ocrx_word' id='word_1_58' title='bbox 406 507 489 547; x_wconf 79' lang='lat' dir='ltr'>post</span> <span class='ocrx_word' id='word_1_59' title='bbox 514 503 633 537; x_wconf 75' lang='lat' dir='ltr'>exitus</span> <span class='ocrx_word' id='word_1_60' title='bbox 657 503 783 547; x_wconf 70' lang='lat' dir='ltr'>iuqeus</span> <span class='ocrx_word' id='word_1_61' title='bbox 808 501 1087 536; x_wconf 80' lang='lat' dir='ltr'>hemistichium</span> <span class='ocrx_word' id='word_1_62' title='bbox 1112 501 1255 547; x_wconf 84' lang='lat' dir='ltr'>Vergili</span> <span class='ocrx_word' id='word_1_63' title='bbox 1280 502 1370 537; x_wconf 88' lang='lat' dir='ltr'>Aen.</span> <span class='ocrx_word' id='word_1_64' title='bbox 1391 502 1424 536; x_wconf 94' lang='lat' dir='ltr'><strong>V</strong></span> <span class='ocrx_word' id='word_1_65' title='bbox 1451 506 1535 546; x_wconf 74' lang='lat'>523,</span> <span class='ocrx_word' id='word_1_66' title='bbox 1563 502 1610 537; x_wconf 83' lang='lat' dir='ltr'>cf.</span> 
     </span>
     <span class='ocr_line' id='line_1_8' title="bbox 262 549 1611 595; baseline 0.001 -12"><span class='ocrx_word' id='word_1_67' title='bbox 262 549 366 584; x_wconf 85' lang='lat' dir='ltr'>Paul.</span> <span class='ocrx_word' id='word_1_68' title='bbox 399 549 483 584; x_wconf 88' lang='lat' dir='ltr'>Nol.</span> <span class='ocrx_word' id='word_1_69' title='bbox 521 560 631 584; x_wconf 86' lang='lat' dir='ltr'>carm.</span> <span class='ocrx_word' id='word_1_70' title='bbox 665 549 750 583; x_wconf 86' lang='lat' dir='ltr'>XXI</span> <span class='ocrx_word' id='word_1_71' title='bbox 782 553 850 583; x_wconf 87' lang='grc'>423</span> <span class='ocrx_word' id='word_1_72' title='bbox 889 550 1011 585; x_wconf 75' lang='lat' dir='ltr'>docuit</span> <span class='ocrx_word' id='word_1_73' title='bbox 1051 561 1171 584; x_wconf 85' lang='lat' dir='ltr'>rerum</span> <span class='ocrx_word' id='word_1_74' title='bbox 1202 554 1284 594; x_wconf 75' lang='lat' dir='ltr'>post</span> <span class='ocrx_word' id='word_1_75' title='bbox 1318 551 1436 585; x_wconf 64' lang='lat' dir='ltr'>exitus</span> <span class='ocrx_word' id='word_1_76' title='bbox 1471 551 1611 595; x_wconf 72' lang='lat' dir='ltr'>inyeus,</span> 
     </span>
     <span class='ocr_line' id='line_1_9' title="bbox 262 596 1608 642; baseline -0.001 -11"><span class='ocrx_word' id='word_1_77' title='bbox 262 597 366 631; x_wconf 84' lang='lat' dir='ltr'>XXII</span> <span class='ocrx_word' id='word_1_78' title='bbox 392 601 435 631; x_wconf 88' lang='grc'>90</span> <span class='ocrx_word' id='word_1_79' title='bbox 470 598 568 632; x_wconf 74' lang='lat' dir='ltr'>(locet</span> <span class='ocrx_word' id='word_1_80' title='bbox 600 598 718 632; x_wconf 73' lang='lat' dir='ltr'>exitus</span> <span class='ocrx_word' id='word_1_81' title='bbox 748 598 874 642; x_wconf 62' lang='lat' dir='ltr'>iozgyens</span> <span class='ocrx_word' id='word_1_82' title='bbox 971 601 990 631; x_wconf 83' lang='grc'><strong>6</strong></span> <span class='ocrx_word' id='word_1_83' title='bbox 1023 608 1103 632; x_wconf 72' lang='lat' dir='ltr'>eum.</span> <span class='ocrx_word' id='word_1_84' title='bbox 1130 598 1263 632; x_wconf 79' lang='lat' dir='ltr'>lacerat</span> <span class='ocrx_word' id='word_1_85' title='bbox 1290 597 1391 631; x_wconf 89' lang='lat' dir='ltr'>idem</span> <span class='ocrx_word' id='word_1_86' title='bbox 1416 596 1608 631; x_wconf 79' lang='lat' dir='ltr'>exordium</span> 
     </span>
     <span class='ocr_line' id='line_1_10' title="bbox 264 644 1608 689; baseline 0 -11"><span class='ocrx_word' id='word_1_87' title='bbox 264 649 295 688; x_wconf 74' lang='grc'>2,</span> <span class='ocrx_word' id='word_1_88' title='bbox 317 649 348 680; x_wconf 84' lang='lat'>5.</span> <span class='ocrx_word' id='word_1_89' title='bbox 395 644 617 679; x_wconf 85' lang='lat' dir='ltr'>Gratianum</span> <span class='ocrx_word' id='word_1_90' title='bbox 636 644 797 678; x_wconf 86' lang='lat' dir='ltr'>iudicem</span> <span class='ocrx_word' id='word_1_91' title='bbox 820 655 903 678; x_wconf 89' lang='lat' dir='ltr'>eum</span> <span class='ocrx_word' id='word_1_92' title='bbox 923 655 1002 678; x_wconf 88' lang='lat' dir='ltr'>esse</span> <span class='ocrx_word' id='word_1_93' title='bbox 1021 655 1140 689; x_wconf 89' lang='lat' dir='ltr'>posse,</span> <span class='ocrx_word' id='word_1_94' title='bbox 1168 644 1233 688; x_wconf 85' lang='lat' dir='ltr'>qui</span> <span class='ocrx_word' id='word_1_95' title='bbox 1251 644 1485 688; x_wconf 79' lang='lat' dir='ltr'>praefectura</span> <span class='ocrx_word' id='word_1_96' title='bbox 1505 644 1608 678; x_wconf 88' lang='lat' dir='ltr'>urbis</span> 
     </span>
     <span class='ocr_line' id='line_1_11' title="bbox 262 691 1634 739; baseline -0.001 -13"><span class='ocrx_word' id='word_1_97' title='bbox 262 703 359 726; x_wconf 81' lang='lat' dir='ltr'>anno</span> <span class='ocrx_word' id='word_1_98' title='bbox 386 695 454 726; x_wconf 89' lang='grc'>290</span> <span class='ocrx_word' id='word_1_99' title='bbox 486 691 635 726; x_wconf 83' lang='lat' dir='ltr'>functus</span> <span class='ocrx_word' id='word_1_100' title='bbox 669 691 718 726; x_wconf 91' lang='lat' dir='ltr'>sit</span> <span class='ocrx_word' id='word_1_101' title='bbox 750 691 838 736; x_wconf 87' lang='lat' dir='ltr'>(CIL</span> <span class='ocrx_word' id='word_1_102' title='bbox 862 691 913 726; x_wconf 81' lang='lat' dir='ltr'>VI</span> <span class='ocrx_word' id='word_1_103' title='bbox 935 694 1024 725; x_wconf 83' lang='grc'>1128</span> <span class='ocrx_word' id='word_1_104' title='bbox 1058 703 1086 726; x_wconf 90' lang='lat' dir='ltr'>c.</span> <span class='ocrx_word' id='word_1_105' title='bbox 1115 691 1199 726; x_wconf 87' lang='lat' dir='ltr'>add.</span> <span class='ocrx_word' id='word_1_106' title='bbox 1226 703 1261 736; x_wconf 87' lang='lat' dir='ltr'>p.</span> <span class='ocrx_word' id='word_1_107' title='bbox 1289 694 1382 737; x_wconf 88' lang='lat'>845),</span> <span class='ocrx_word' id='word_1_108' title='bbox 1409 691 1634 739; x_wconf 30' lang='lat' dir='ltr'>adnotauit·</span> 
     </span>
     <span class='ocr_line' id='line_1_12' title="bbox 261 739 1608 784; baseline 0 -11"><span class='ocrx_word' id='word_1_109' title='bbox 261 739 414 774; x_wconf 84' lang='lat' dir='ltr'>Rossius</span> <span class='ocrx_word' id='word_1_110' title='bbox 537 744 556 774; x_wconf 86' lang='lat'><strong>7</strong></span> <span class='ocrx_word' id='word_1_111' title='bbox 596 739 641 774; x_wconf 84' lang='lat' dir='ltr'>de</span> <span class='ocrx_word' id='word_1_112' title='bbox 674 744 909 784; x_wconf 74' lang='lat' dir='ltr'>posteaquam</span> <span class='ocrx_word' id='word_1_113' title='bbox 946 750 979 774; x_wconf 91' lang='lat' dir='ltr'>u.</span> <span class='ocrx_word' id='word_1_114' title='bbox 1008 739 1092 774; x_wconf 85' lang='lat' dir='ltr'>adn.</span> <span class='ocrx_word' id='word_1_115' title='bbox 1121 742 1211 782; x_wconf 83' lang='grc'>29,8,</span> <span class='ocrx_word' id='word_1_116' title='bbox 1262 744 1431 784; x_wconf 72' lang='lat' dir='ltr'>concepta</span> <span class='ocrx_word' id='word_1_117' title='bbox 1467 750 1608 773; x_wconf 69' lang='lat' dir='ltr'>uenena</span> 
     </span>
     <span class='ocr_line' id='line_1_13' title="bbox 260 785 1607 831; baseline -0.001 -10"><span class='ocrx_word' id='word_1_118' title='bbox 260 787 299 821; x_wconf 89' lang='lat' dir='ltr'>in</span> <span class='ocrx_word' id='word_1_119' title='bbox 326 786 477 822; x_wconf 79' lang='lat' dir='ltr'>Anthol.</span> <span class='ocrx_word' id='word_1_120' title='bbox 509 786 627 821; x_wconf 85' lang='lat' dir='ltr'>Riesii</span> <span class='ocrx_word' id='word_1_121' title='bbox 665 791 703 831; x_wconf 85' lang='lat'>4,</span> <span class='ocrx_word' id='word_1_122' title='bbox 737 790 797 830; x_wconf 84' lang='lat'>51,</span> <span class='ocrx_word' id='word_1_123' title='bbox 836 785 881 821; x_wconf 89' lang='lat' dir='ltr'>cf.</span> <span class='ocrx_word' id='word_1_124' title='bbox 908 786 1017 831; x_wconf 85' lang='lat' dir='ltr'>Verg.</span> <span class='ocrx_word' id='word_1_125' title='bbox 1044 788 1134 821; x_wconf 87' lang='lat' dir='ltr'>Aen.</span> <span class='ocrx_word' id='word_1_126' title='bbox 1162 786 1229 820; x_wconf 91' lang='lat' dir='ltr'>XII</span> <span class='ocrx_word' id='word_1_127' title='bbox 1255 789 1323 820; x_wconf 82' lang='lat'>857</span> <span class='ocrx_word' id='word_1_128' title='bbox 1360 787 1441 830; x_wconf 81' lang='lat' dir='ltr'>felle</span> <span class='ocrx_word' id='word_1_129' title='bbox 1474 787 1607 821; x_wconf 70' lang='lat' dir='ltr'>ueneni</span> 
     </span>
    </p>

    <p class='ocr_par' dir='ltr' id='par_1_3' title="bbox 260 834 1609 972">
     <span class='ocr_line' id='line_1_14' title="bbox 356 834 1607 879; baseline 0 -11"><span class='ocrx_word' id='word_1_130' title='bbox 356 837 376 868; x_wconf 80' lang='lat'>8</span> <span class='ocrx_word' id='word_1_131' title='bbox 406 834 592 869; x_wconf 75' lang='lat' dir='ltr'>Christum</span> <span class='ocrx_word' id='word_1_132' title='bbox 616 835 680 879; x_wconf 74' lang='lat' dir='ltr'>qui</span> <span class='ocrx_word' id='word_1_133' title='bbox 703 835 745 868; x_wconf 73' lang='lat' dir='ltr'>iu</span> <span class='ocrx_word' id='word_1_134' title='bbox 764 845 856 878; x_wconf 79' lang='lat' dir='ltr'>pace</span> <span class='ocrx_word' id='word_1_135' title='bbox 878 835 1027 879; x_wconf 72' lang='lat' dir='ltr'>ueqauz&#39;t</span> <span class='ocrx_word' id='word_1_136' title='bbox 1046 837 1126 877; x_wconf 82' lang='grc'>48,5</span> <span class='ocrx_word' id='word_1_137' title='bbox 1214 838 1233 867; x_wconf 89' lang='grc'><strong>9</strong></span> <span class='ocrx_word' id='word_1_138' title='bbox 1259 835 1311 868; x_wconf 73' lang='grc' dir='ltr'>εἰσ</span> <span class='ocrx_word' id='word_1_139' title='bbox 1334 838 1453 868; x_wconf 67' lang='lat' dir='ltr'>‘noster</span> <span class='ocrx_word' id='word_1_140' title='bbox 1476 835 1607 868; x_wconf 75' lang='lat' dir='ltr'>meruit</span> 
     </span>
     <span class='ocr_line' id='line_1_15' title="bbox 260 881 1606 926; baseline -0.001 -10"><span class='ocrx_word' id='word_1_141' title='bbox 260 882 441 925; x_wconf 76' lang='lat' dir='ltr'>coufessus·</span> <span class='ocrx_word' id='word_1_142' title='bbox 466 886 607 926; x_wconf 71' lang='lat' dir='ltr'>martyr</span> <span class='ocrx_word' id='word_1_143' title='bbox 632 886 673 916; x_wconf 75' lang='lat' dir='ltr'>ut</span> <span class='ocrx_word' id='word_1_144' title='bbox 698 886 783 916; x_wconf 76' lang='lat' dir='ltr'>esset</span> <span class='ocrx_word' id='word_1_145' title='bbox 806 884 885 925; x_wconf 78' lang='lat'>37,7</span> <span class='ocrx_word' id='word_1_146' title='bbox 961 885 1004 915; x_wconf 88' lang='lat'>10</span> <span class='ocrx_word' id='word_1_147' title='bbox 1029 893 1063 915; x_wconf 93' lang='lat' dir='ltr'>u.</span> <span class='ocrx_word' id='word_1_148' title='bbox 1086 881 1170 915; x_wconf 91' lang='lat' dir='ltr'>adn.</span> <span class='ocrx_word' id='word_1_149' title='bbox 1193 884 1247 915; x_wconf 82' lang='lat'>36.</span> <span class='ocrx_word' id='word_1_150' title='bbox 1292 892 1465 915; x_wconf 66' lang='lat' dir='ltr'>uenat-are</span> <span class='ocrx_word' id='word_1_151' title='bbox 1489 882 1606 925; x_wconf 81' lang='lat' dir='ltr'>sepul-</span> 
     </span>
     <span class='ocr_line' id='line_1_16' title="bbox 260 928 1609 972; baseline -0.001 -9"><span class='ocrx_word' id='word_1_152' title='bbox 260 930 384 964; x_wconf 70' lang='lat' dir='ltr'>chrum</span> <span class='ocrx_word' id='word_1_153' title='bbox 422 928 591 963; x_wconf 83' lang='lat' dir='ltr'>clausula</span> <span class='ocrx_word' id='word_1_154' title='bbox 628 928 727 963; x_wconf 80' lang='lat' dir='ltr'>redit</span> <span class='ocrx_word' id='word_1_155' title='bbox 765 932 808 962; x_wconf 83' lang='grc'>27</span> <span class='ocrx_word' id='word_1_156' title='bbox 841 930 879 962; x_wconf 81' lang='lat' dir='ltr'>et</span> <span class='ocrx_word' id='word_1_157' title='bbox 910 932 971 972; x_wconf 86' lang='grc'>42,</span> <span class='ocrx_word' id='word_1_158' title='bbox 1011 928 1055 963; x_wconf 87' lang='lat' dir='ltr'>cf.</span> <span class='ocrx_word' id='word_1_159' title='bbox 1091 932 1133 962; x_wconf 92' lang='grc'>12</span> <span class='ocrx_word' id='word_1_160' title='bbox 1172 929 1384 963; x_wconf 71' lang='lat' dir='ltr'>ueneranda</span> <span class='ocrx_word' id='word_1_161' title='bbox 1419 929 1609 972; x_wconf 80' lang='lat' dir='ltr'>sepulchra</span> 
     </span>
    </p>

    <p class='ocr_par' dir='ltr' id='par_1_4' title="bbox 254 975 1636 1446">
     <span class='ocr_line' id='line_1_17' title="bbox 375 975 1609 1020; baseline -0.001 -10"><span class='ocrx_word' id='word_1_162' title='bbox 375 980 430 1011; x_wconf 90' lang='lat'>11.</span> <span class='ocrx_word' id='word_1_163' title='bbox 460 980 502 1010; x_wconf 93' lang='grc'>12</span> <span class='ocrx_word' id='word_1_164' title='bbox 530 978 568 1010; x_wconf 87' lang='lat' dir='ltr'>et</span> <span class='ocrx_word' id='word_1_165' title='bbox 593 975 804 1020; x_wconf 82' lang='lat' dir='ltr'>argumenti</span> <span class='ocrx_word' id='word_1_166' title='bbox 831 986 944 1010; x_wconf 88' lang='lat' dir='ltr'>causa</span> <span class='ocrx_word' id='word_1_167' title='bbox 971 977 1008 1010; x_wconf 86' lang='lat' dir='ltr'>et</span> <span class='ocrx_word' id='word_1_168' title='bbox 1033 977 1185 1020; x_wconf 89' lang='lat' dir='ltr'>propter</span> <span class='ocrx_word' id='word_1_169' title='bbox 1210 975 1428 1010; x_wconf 80' lang='lat' dir='ltr'>foedissima</span> <span class='ocrx_word' id='word_1_170' title='bbox 1452 976 1609 1019; x_wconf 87' lang='lat' dir='ltr'>peccata</span> 
     </span>
     <span class='ocr_line' id='line_1_18' title="bbox 254 1020 1609 1068; baseline -0.001 -10"><span class='ocrx_word' id='word_1_171' title='bbox 254 1028 381 1068; x_wconf 59' lang='lat' dir='ltr'>pre-&gt;ces</span> <span class='ocrx_word' id='word_1_172' title='bbox 406 1023 464 1068; x_wconf 83' lang='lat' dir='ltr'>(cf.</span> <span class='ocrx_word' id='word_1_173' title='bbox 488 1023 595 1058; x_wconf 89' lang='lat' dir='ltr'>Ouid.</span> <span class='ocrx_word' id='word_1_174' title='bbox 616 1024 702 1058; x_wconf 85' lang='lat' dir='ltr'>Her.</span> <span class='ocrx_word' id='word_1_175' title='bbox 722 1023 773 1057; x_wconf 89' lang='lat' dir='ltr'>VI</span> <span class='ocrx_word' id='word_1_176' title='bbox 795 1026 837 1056; x_wconf 83' lang='lat'>73</span> <span class='ocrx_word' id='word_1_177' title='bbox 863 1024 955 1058; x_wconf 77' lang='lat' dir='ltr'>adde</span> <span class='ocrx_word' id='word_1_178' title='bbox 975 1035 1096 1067; x_wconf 78' lang='lat' dir='ltr'>preces</span> <span class='ocrx_word' id='word_1_179' title='bbox 1115 1025 1247 1067; x_wconf 69' lang='lat' dir='ltr'>castus)</span> <span class='ocrx_word' id='word_1_180' title='bbox 1272 1024 1391 1058; x_wconf 76' lang='lat' dir='ltr'>sancti</span> <span class='ocrx_word' id='word_1_181' title='bbox 1412 1020 1609 1058; x_wconf 72' lang='lat' dir='ltr'>Siituruiui</span> 
     </span>
     <span class='ocr_line' id='line_1_19' title="bbox 261 1069 1609 1114; baseline -0.001 -9"><span class='ocrx_word' id='word_1_182' title='bbox 261 1071 308 1105; x_wconf 83' lang='lat' dir='ltr'>ab</span> <span class='ocrx_word' id='word_1_183' title='bbox 335 1070 406 1105; x_wconf 91' lang='lat' dir='ltr'>hoc</span> <span class='ocrx_word' id='word_1_184' title='bbox 428 1070 592 1105; x_wconf 87' lang='lat' dir='ltr'>carmine</span> <span class='ocrx_word' id='word_1_185' title='bbox 619 1070 761 1105; x_wconf 87' lang='lat' dir='ltr'>alienos</span> <span class='ocrx_word' id='word_1_186' title='bbox 783 1081 862 1105; x_wconf 89' lang='lat' dir='ltr'>esse</span> <span class='ocrx_word' id='word_1_187' title='bbox 890 1070 967 1104; x_wconf 78' lang='lat' dir='ltr'>dixi</span> <span class='ocrx_word' id='word_1_188' title='bbox 987 1070 1080 1105; x_wconf 90' lang='lat' dir='ltr'>Mus.</span> <span class='ocrx_word' id='word_1_189' title='bbox 1102 1070 1218 1105; x_wconf 85' lang='lat' dir='ltr'>Rhen.</span> <span class='ocrx_word' id='word_1_190' title='bbox 1240 1070 1267 1104; x_wconf 94' lang='lat' dir='ltr'>L</span> <span class='ocrx_word' id='word_1_191' title='bbox 1287 1082 1321 1114; x_wconf 86' lang='lat' dir='ltr'>p.</span> <span class='ocrx_word' id='word_1_192' title='bbox 1343 1073 1423 1114; x_wconf 88' lang='grc'>202,</span> <span class='ocrx_word' id='word_1_193' title='bbox 1450 1069 1609 1104; x_wconf 85' lang='lat' dir='ltr'>ibidem-</span> 
     </span>
     <span class='ocr_line' id='line_1_20' title="bbox 261 1116 1636 1162; baseline -0.001 -10"><span class='ocrx_word' id='word_1_194' title='bbox 261 1129 331 1162; x_wconf 84' lang='lat' dir='ltr'>que</span> <span class='ocrx_word' id='word_1_195' title='bbox 351 1118 480 1152; x_wconf 88' lang='lat' dir='ltr'>monui</span> <span class='ocrx_word' id='word_1_196' title='bbox 501 1118 804 1153; x_wconf 79' lang='lat' dir='ltr'>substituendum</span> <span class='ocrx_word' id='word_1_197' title='bbox 824 1128 903 1152; x_wconf 91' lang='lat' dir='ltr'>esse</span> <span class='ocrx_word' id='word_1_198' title='bbox 924 1128 1082 1162; x_wconf 88' lang='lat' dir='ltr'>uersum,</span> <span class='ocrx_word' id='word_1_199' title='bbox 1109 1128 1220 1161; x_wconf 86' lang='lat' dir='ltr'>quem</span> <span class='ocrx_word' id='word_1_200' title='bbox 1245 1117 1361 1151; x_wconf 84' lang='lat' dir='ltr'>codex</span> <span class='ocrx_word' id='word_1_201' title='bbox 1381 1117 1414 1151; x_wconf 88' lang='lat' dir='ltr'><strong>V</strong></span> <span class='ocrx_word' id='word_1_202' title='bbox 1439 1119 1487 1162; x_wconf 87' lang='lat' dir='ltr'>(u.</span> <span class='ocrx_word' id='word_1_203' title='bbox 1508 1116 1607 1151; x_wconf 81' lang='lat' dir='ltr'>infra</span> <span class='ocrx_word' id='word_1_204' title='bbox 1634 1138 1636 1140; x_wconf 97' lang='lat'>-</span> 
     </span>
     <span class='ocr_line' id='line_1_21' title="bbox 259 1163 1602 1210; baseline -0.001 -11"><span class='ocrx_word' id='word_1_205' title='bbox 259 1168 319 1210; x_wconf 78' lang='lat'>88)</span> <span class='ocrx_word' id='word_1_206' title='bbox 344 1165 571 1210; x_wconf 84' lang='lat' dir='ltr'>suppeditat,</span> <span class='ocrx_word' id='word_1_207' title='bbox 597 1165 866 1199; x_wconf 86' lang='lat' dir='ltr'>Damasianam</span> <span class='ocrx_word' id='word_1_208' title='bbox 885 1164 1068 1210; x_wconf 84' lang='lat' dir='ltr'>originem</span> <span class='ocrx_word' id='word_1_209' title='bbox 1092 1175 1181 1209; x_wconf 84' lang='lat' dir='ltr'>prae</span> <span class='ocrx_word' id='word_1_210' title='bbox 1209 1175 1246 1199; x_wconf 91' lang='lat' dir='ltr'>se</span> <span class='ocrx_word' id='word_1_211' title='bbox 1272 1164 1454 1199; x_wconf 84' lang='lat' dir='ltr'>serentem</span> <span class='ocrx_word' id='word_1_212' title='bbox 1479 1163 1538 1209; x_wconf 88' lang='lat' dir='ltr'>(cf.</span> <span class='ocrx_word' id='word_1_213' title='bbox 1561 1167 1602 1198; x_wconf 90' lang='lat'>61</span> 
     </span>
     <span class='ocr_line' id='line_1_22' title="bbox 258 1211 1605 1257; baseline -0.002 -10"><span class='ocrx_word' id='word_1_214' title='bbox 258 1214 422 1247; x_wconf 68' lang='lat' dir='ltr'>uersibus</span> <span class='ocrx_word' id='word_1_215' title='bbox 446 1214 503 1247; x_wconf 72' lang='lat' dir='ltr'>his</span> <span class='ocrx_word' id='word_1_216' title='bbox 523 1213 710 1247; x_wconf 74' lang='lat' dir='ltr'>Damasus</span> <span class='ocrx_word' id='word_1_217' title='bbox 734 1213 887 1257; x_wconf 72' lang='lat' dir='ltr'>supplex</span> <span class='ocrx_word' id='word_1_218' title='bbox 909 1213 977 1247; x_wconf 70' lang='lat' dir='ltr'>tibi</span> <span class='ocrx_word' id='word_1_219' title='bbox 995 1217 1082 1247; x_wconf 73' lang='lat' dir='ltr'>uota</span> <span class='ocrx_word' id='word_1_220' title='bbox 1101 1213 1278 1256; x_wconf 79' lang='lat' dir='ltr'>rependo).</span> <span class='ocrx_word' id='word_1_221' title='bbox 1330 1211 1394 1255; x_wconf 89' lang='lat' dir='ltr'>qui</span> <span class='ocrx_word' id='word_1_222' title='bbox 1412 1211 1485 1245; x_wconf 89' lang='lat' dir='ltr'>nisi</span> <span class='ocrx_word' id='word_1_223' title='bbox 1505 1211 1605 1245; x_wconf 87' lang='lat' dir='ltr'>ultro</span> 
     </span>
     <span class='ocr_line' id='line_1_23' title="bbox 260 1258 1604 1304; baseline -0.001 -10"><span class='ocrx_word' id='word_1_224' title='bbox 260 1271 297 1294; x_wconf 88' lang='lat' dir='ltr'>se</span> <span class='ocrx_word' id='word_1_225' title='bbox 325 1259 489 1303; x_wconf 86' lang='lat' dir='ltr'>offerret,</span> <span class='ocrx_word' id='word_1_226' title='bbox 522 1259 618 1293; x_wconf 89' lang='lat' dir='ltr'>nihil</span> <span class='ocrx_word' id='word_1_227' title='bbox 648 1261 735 1304; x_wconf 87' lang='lat' dir='ltr'>post</span> <span class='ocrx_word' id='word_1_228' title='bbox 765 1271 937 1295; x_wconf 67' lang='lat' dir='ltr'>uenerccre</span> <span class='ocrx_word' id='word_1_229' title='bbox 967 1260 1192 1304; x_wconf 74' lang='lat' dir='ltr'>sepulchrum</span> <span class='ocrx_word' id='word_1_230' title='bbox 1225 1259 1353 1293; x_wconf 84' lang='lat' dir='ltr'>deesse</span> <span class='ocrx_word' id='word_1_231' title='bbox 1380 1258 1604 1303; x_wconf 89' lang='lat' dir='ltr'>putauerim,</span> 
     </span>
     <span class='ocr_line' id='line_1_24' title="bbox 260 1306 1606 1352; baseline -0.001 -11"><span class='ocrx_word' id='word_1_232' title='bbox 260 1307 397 1352; x_wconf 83' lang='lat' dir='ltr'>quippe</span> <span class='ocrx_word' id='word_1_233' title='bbox 431 1318 514 1341; x_wconf 90' lang='lat' dir='ltr'>cum</span> <span class='ocrx_word' id='word_1_234' title='bbox 546 1306 659 1341; x_wconf 84' lang='lat' dir='ltr'>simili</span> <span class='ocrx_word' id='word_1_235' title='bbox 691 1318 801 1342; x_wconf 84' lang='lat' dir='ltr'>uersu</span> <span class='ocrx_word' id='word_1_236' title='bbox 833 1306 1030 1341; x_wconf 87' lang='lat' dir='ltr'>claudatur</span> <span class='ocrx_word' id='word_1_237' title='bbox 1061 1317 1210 1341; x_wconf 85' lang='lat' dir='ltr'>carmen</span> <span class='ocrx_word' id='word_1_238' title='bbox 1243 1310 1286 1341; x_wconf 78' lang='lat'>27</span> <span class='ocrx_word' id='word_1_239' title='bbox 1321 1307 1495 1350; x_wconf 62' lang='lat' dir='ltr'>expressit</span> <span class='ocrx_word' id='word_1_240' title='bbox 1526 1306 1606 1340; x_wconf 89' lang='lat' dir='ltr'>Da-</span> 
     </span>
     <span class='ocr_line' id='line_1_25' title="bbox 258 1353 1608 1399; baseline -0.002 -10"><span class='ocrx_word' id='word_1_241' title='bbox 258 1366 380 1389; x_wconf 74' lang='lat' dir='ltr'>masus</span> <span class='ocrx_word' id='word_1_242' title='bbox 405 1356 586 1390; x_wconf 74' lang='lat' dir='ltr'>meritum:</span> <span class='ocrx_word' id='word_1_243' title='bbox 619 1366 791 1389; x_wconf 77' lang='lat' dir='ltr'>ueuerare</span> <span class='ocrx_word' id='word_1_244' title='bbox 816 1355 1051 1399; x_wconf 75' lang='lat' dir='ltr'>sepulc-hrum,</span> <span class='ocrx_word' id='word_1_245' title='bbox 1103 1356 1143 1388; x_wconf 85' lang='lat' dir='ltr'>at</span> <span class='ocrx_word' id='word_1_246' title='bbox 1169 1353 1403 1388; x_wconf 77' lang='lat' dir='ltr'>desideratur</span> <span class='ocrx_word' id='word_1_247' title='bbox 1428 1353 1608 1397; x_wconf 85' lang='lat' dir='ltr'>quodam-</span> 
     </span>
     <span class='ocr_line' id='line_1_26' title="bbox 257 1402 730 1446; baseline -0.002 -10"><span class='ocrx_word' id='word_1_248' title='bbox 257 1402 368 1436; x_wconf 90' lang='lat' dir='ltr'>modo</span> <span class='ocrx_word' id='word_1_249' title='bbox 395 1402 569 1446; x_wconf 83' lang='lat' dir='ltr'>martyris</span> <span class='ocrx_word' id='word_1_250' title='bbox 595 1413 730 1436; x_wconf 89' lang='lat' dir='ltr'>nomen</span> 
     </span>
    </p>
   </div>
   <div class='ocr_carea' id='block_1_3' title="bbox 1629 741 1636 890">
    <p class='ocr_par' dir='ltr' id='par_1_5' title="bbox 1629 741 1636 890">
     <span class='ocr_line' id='line_1_27' title="bbox 1629 741 1636 890; baseline 0 0"><span class='ocrx_word' id='word_1_251' title='bbox 1629 741 1636 890; x_wconf 95' lang='lat' dir='ltr'> </span> 
     </span>
    </p>
   </div>
   <div class='ocr_carea' id='block_1_4' title="bbox 903 1522 957 1562">
    <p class='ocr_par' dir='ltr' id='par_1_6' title="bbox 903 1522 957 1562">
     <span class='ocr_line' id='line_1_28' title="bbox 903 1522 957 1562; baseline 0 0"><span class='ocrx_word' id='word_1_252' title='bbox 903 1522 957 1562; x_wconf 69' lang='lat'>47</span> 
     </span>
    </p>
   </div>
   <div class='ocr_carea' id='block_1_5' title="bbox 281 1614 1538 1952">
    <p class='ocr_par' dir='ltr' id='par_1_7' title="bbox 351 1614 1420 1669">
     <span class='ocr_line' id='line_1_29' title="bbox 351 1614 1420 1669; baseline 0 -14"><span class='ocrx_word' id='word_1_253' title='bbox 351 1614 544 1656; x_wconf 84' lang='lat' dir='ltr'>Cultores</span> <span class='ocrx_word' id='word_1_254' title='bbox 578 1616 738 1657; x_wconf 83' lang='lat' dir='ltr'>domini</span> <span class='ocrx_word' id='word_1_255' title='bbox 770 1615 890 1656; x_wconf 82' lang='lat' dir='ltr'>Felix</span> <span class='ocrx_word' id='word_1_256' title='bbox 921 1615 1163 1669; x_wconf 82' lang='lat' dir='ltr'>pariterque</span> <span class='ocrx_word' id='word_1_257' title='bbox 1194 1614 1420 1669; x_wconf 85' lang='lat' dir='ltr'>Philippus</span> 
     </span>
    </p>

    <p class='ocr_par' dir='ltr' id='par_1_8' title="bbox 342 1685 1469 1740">
     <span class='ocr_line' id='line_1_30' title="bbox 342 1685 1469 1740; baseline 0 -14"><span class='ocrx_word' id='word_1_258' title='bbox 342 1686 442 1727; x_wconf 86' lang='lat' dir='ltr'>hinc</span> <span class='ocrx_word' id='word_1_259' title='bbox 476 1686 636 1727; x_wconf 83' lang='lat' dir='ltr'>uirtute</span> <span class='ocrx_word' id='word_1_260' title='bbox 668 1701 790 1740; x_wconf 80' lang='lat' dir='ltr'>pares</span> <span class='ocrx_word' id='word_1_261' title='bbox 823 1688 1066 1740; x_wconf 82' lang='lat' dir='ltr'>contempto</span> <span class='ocrx_word' id='word_1_262' title='bbox 1098 1686 1289 1740; x_wconf 80' lang='lat' dir='ltr'>principe</span> <span class='ocrx_word' id='word_1_263' title='bbox 1320 1685 1469 1726; x_wconf 86' lang='lat' dir='ltr'>mundi</span> 
     </span>
    </p>

    <p class='ocr_par' dir='ltr' id='par_1_9' title="bbox 348 1756 1428 1811">
     <span class='ocr_line' id='line_1_31' title="bbox 348 1756 1428 1811; baseline -0.001 -14"><span class='ocrx_word' id='word_1_264' title='bbox 348 1759 561 1797; x_wconf 81' lang='lat' dir='ltr'>aeternam</span> <span class='ocrx_word' id='word_1_265' title='bbox 593 1757 751 1811; x_wconf 85' lang='lat' dir='ltr'>petiere</span> <span class='ocrx_word' id='word_1_266' title='bbox 785 1756 956 1797; x_wconf 90' lang='lat' dir='ltr'>domum</span> <span class='ocrx_word' id='word_1_267' title='bbox 989 1771 1202 1811; x_wconf 78' lang='lat' dir='ltr'>regnaque</span> <span class='ocrx_word' id='word_1_268' title='bbox 1240 1756 1428 1810; x_wconf 86' lang='lat' dir='ltr'>piorum,</span> 
     </span>
    </p>

    <p class='ocr_par' dir='ltr' id='par_1_10' title="bbox 281 1826 1538 1952">
     <span class='ocr_line' id='line_1_32' title="bbox 347 1826 1538 1883; baseline 0 -16"><span class='ocrx_word' id='word_1_269' title='bbox 347 1828 552 1883; x_wconf 81' lang='lat' dir='ltr'>sanguine</span> <span class='ocrx_word' id='word_1_270' title='bbox 586 1827 698 1881; x_wconf 87' lang='lat' dir='ltr'>quod</span> <span class='ocrx_word' id='word_1_271' title='bbox 729 1827 902 1881; x_wconf 86' lang='lat' dir='ltr'>proprio</span> <span class='ocrx_word' id='word_1_272' title='bbox 938 1826 1096 1867; x_wconf 83' lang='lat' dir='ltr'>Christi</span> <span class='ocrx_word' id='word_1_273' title='bbox 1129 1841 1319 1867; x_wconf 81' lang='lat' dir='ltr'>meruere</span> <span class='ocrx_word' id='word_1_274' title='bbox 1352 1840 1538 1868; x_wconf 86' lang='lat' dir='ltr'>coronas.</span> 
     </span>
     <span class='ocr_line' id='line_1_33' title="bbox 281 1897 1484 1952; baseline -0.001 -13"><span class='ocrx_word' id='word_1_275' title='bbox 281 1908 301 1940; x_wconf 88' lang='lat'>5</span> <span class='ocrx_word' id='word_1_276' title='bbox 345 1897 412 1938; x_wconf 75' lang='lat' dir='ltr'>his</span> <span class='ocrx_word' id='word_1_277' title='bbox 443 1897 652 1938; x_wconf 81' lang='lat' dir='ltr'>Damasus</span> <span class='ocrx_word' id='word_1_278' title='bbox 684 1898 862 1952; x_wconf 77' lang='lat' dir='ltr'>supplex</span> <span class='ocrx_word' id='word_1_279' title='bbox 894 1897 1032 1939; x_wconf 86' lang='lat' dir='ltr'>uoluit</span> <span class='ocrx_word' id='word_1_280' title='bbox 1064 1912 1139 1938; x_wconf 76' lang='lat' dir='ltr'>sua-</span> <span class='ocrx_word' id='word_1_281' title='bbox 1171 1897 1341 1938; x_wconf 82' lang='lat' dir='ltr'>reddere</span> <span class='ocrx_word' id='word_1_282' title='bbox 1373 1900 1484 1938; x_wconf 80' lang='lat' dir='ltr'>uota.</span> 
     </span>
    </p>
   </div>
   <div class='ocr_carea' id='block_1_6' title="bbox 256 2025 1603 2448">
    <p class='ocr_par' dir='ltr' id='par_1_11' title="bbox 256 2025 1603 2448">
     <span class='ocr_line' id='line_1_34' title="bbox 351 2025 1602 2070; baseline 0 -12"><span class='ocrx_word' id='word_1_283' title='bbox 351 2025 405 2059; x_wconf 89' lang='lat' dir='ltr'>De</span> <span class='ocrx_word' id='word_1_284' title='bbox 426 2025 560 2059; x_wconf 77' lang='lat' dir='ltr'>Felicis</span> <span class='ocrx_word' id='word_1_285' title='bbox 581 2027 619 2060; x_wconf 87' lang='lat' dir='ltr'>et</span> <span class='ocrx_word' id='word_1_286' title='bbox 638 2025 802 2070; x_wconf 90' lang='lat' dir='ltr'>Philippi</span> <span class='ocrx_word' id='word_1_287' title='bbox 825 2025 990 2070; x_wconf 84' lang='lat' dir='ltr'>duorum,</span> <span class='ocrx_word' id='word_1_288' title='bbox 1018 2028 1059 2060; x_wconf 83' lang='lat' dir='ltr'>ut</span> <span class='ocrx_word' id='word_1_289' title='bbox 1084 2025 1197 2070; x_wconf 87' lang='lat' dir='ltr'>uulgo</span> <span class='ocrx_word' id='word_1_290' title='bbox 1220 2027 1365 2070; x_wconf 83' lang='lat' dir='ltr'>putant,</span> <span class='ocrx_word' id='word_1_291' title='bbox 1393 2025 1438 2060; x_wconf 91' lang='lat' dir='ltr'>de</span> <span class='ocrx_word' id='word_1_292' title='bbox 1459 2026 1602 2069; x_wconf 87' lang='lat' dir='ltr'>septem</span> 
     </span>
     <span class='ocr_line' id='line_1_35' title="bbox 257 2071 1602 2117; baseline 0 -11"><span class='ocrx_word' id='word_1_293' title='bbox 257 2072 466 2107; x_wconf 87' lang='lat' dir='ltr'>Felicitatis</span> <span class='ocrx_word' id='word_1_294' title='bbox 498 2072 657 2107; x_wconf 89' lang='lat' dir='ltr'>filiorum</span> <span class='ocrx_word' id='word_1_295' title='bbox 689 2073 798 2115; x_wconf 77' lang='lat' dir='ltr'>(Acta</span> <span class='ocrx_word' id='word_1_296' title='bbox 831 2072 890 2107; x_wconf 79' lang='lat' dir='ltr'>SS.</span> <span class='ocrx_word' id='word_1_297' title='bbox 918 2073 969 2106; x_wconf 89' lang='grc' dir='ltr'>ΠΙ</span> <span class='ocrx_word' id='word_1_298' title='bbox 995 2072 1060 2107; x_wconf 88' lang='lat' dir='ltr'>Iul.</span> <span class='ocrx_word' id='word_1_299' title='bbox 1088 2085 1121 2117; x_wconf 91' lang='lat' dir='ltr'>p.</span> <span class='ocrx_word' id='word_1_300' title='bbox 1150 2075 1279 2117; x_wconf 81' lang='lat' dir='ltr'>5sqq.)</span> <span class='ocrx_word' id='word_1_301' title='bbox 1312 2072 1505 2117; x_wconf 86' lang='lat' dir='ltr'>sepulchro</span> <span class='ocrx_word' id='word_1_302' title='bbox 1538 2071 1602 2106; x_wconf 88' lang='lat' dir='ltr'>uia</span> 
     </span>
     <span class='ocr_line' id='line_1_36' title="bbox 258 2119 1600 2164; baseline 0 -11"><span class='ocrx_word' id='word_1_303' title='bbox 258 2119 403 2154; x_wconf 82' lang='lat' dir='ltr'>Salaria</span> <span class='ocrx_word' id='word_1_304' title='bbox 435 2130 532 2154; x_wconf 81' lang='lat' dir='ltr'>noua</span> <span class='ocrx_word' id='word_1_305' title='bbox 565 2120 636 2154; x_wconf 87' lang='lat' dir='ltr'>sito</span> <span class='ocrx_word' id='word_1_306' title='bbox 669 2120 755 2154; x_wconf 90' lang='lat' dir='ltr'>uide</span> <span class='ocrx_word' id='word_1_307' title='bbox 788 2119 960 2154; x_wconf 87' lang='lat' dir='ltr'>Rossium</span> <span class='ocrx_word' id='word_1_308' title='bbox 992 2121 1110 2154; x_wconf 81' lang='lat' dir='ltr'>Roma</span> <span class='ocrx_word' id='word_1_309' title='bbox 1143 2122 1227 2154; x_wconf 85' lang='lat' dir='ltr'>sott.</span> <span class='ocrx_word' id='word_1_310' title='bbox 1255 2120 1271 2153; x_wconf 93' lang='lat'>1</span> <span class='ocrx_word' id='word_1_311' title='bbox 1299 2132 1332 2164; x_wconf 86' lang='lat' dir='ltr'>p.</span> <span class='ocrx_word' id='word_1_312' title='bbox 1362 2122 1528 2154; x_wconf 82' lang='lat'>176.177</span> <span class='ocrx_word' id='word_1_313' title='bbox 1562 2121 1600 2153; x_wconf 87' lang='lat' dir='ltr'>et</span> 
     </span>
     <span class='ocr_line' id='line_1_37' title="bbox 256 2165 1600 2212; baseline -0.001 -11"><span class='ocrx_word' id='word_1_314' title='bbox 256 2166 352 2201; x_wconf 89' lang='lat' dir='ltr'>Bull.</span> <span class='ocrx_word' id='word_1_315' title='bbox 380 2167 478 2201; x_wconf 86' lang='lat' dir='ltr'>crist.</span> <span class='ocrx_word' id='word_1_316' title='bbox 507 2170 739 2202; x_wconf 82' lang='lat'>1884—1885</span> <span class='ocrx_word' id='word_1_317' title='bbox 766 2179 799 2211; x_wconf 87' lang='lat' dir='ltr'>p.</span> <span class='ocrx_word' id='word_1_318' title='bbox 823 2171 901 2211; x_wconf 69' lang='lat'>155,</span> <span class='ocrx_word' id='word_1_319' title='bbox 931 2171 1020 2201; x_wconf 77' lang='lat'>1890</span> <span class='ocrx_word' id='word_1_320' title='bbox 1050 2179 1083 2212; x_wconf 91' lang='lat' dir='ltr'>p.</span> <span class='ocrx_word' id='word_1_321' title='bbox 1113 2171 1190 2202; x_wconf 90' lang='lat'>111.</span> <span class='ocrx_word' id='word_1_322' title='bbox 1243 2166 1405 2211; x_wconf 85' lang='lat' dir='ltr'>elogium</span> <span class='ocrx_word' id='word_1_323' title='bbox 1431 2167 1535 2200; x_wconf 80' lang='lat' dir='ltr'>extat</span> <span class='ocrx_word' id='word_1_324' title='bbox 1559 2165 1600 2199; x_wconf 90' lang='lat' dir='ltr'>in</span> 
     </span>
     <span class='ocr_line' id='line_1_38' title="bbox 257 2213 1600 2259; baseline -0.001 -11"><span class='ocrx_word' id='word_1_325' title='bbox 257 2214 411 2259; x_wconf 74' lang='lat' dir='ltr'>syllogis</span> <span class='ocrx_word' id='word_1_326' title='bbox 437 2214 466 2247; x_wconf 91' lang='lat' dir='ltr'>T</span> <span class='ocrx_word' id='word_1_327' title='bbox 499 2216 536 2248; x_wconf 81' lang='lat' dir='ltr'>et</span> <span class='ocrx_word' id='word_1_328' title='bbox 562 2214 603 2258; x_wconf 92' lang='lat' dir='ltr'>V,</span> <span class='ocrx_word' id='word_1_329' title='bbox 638 2215 734 2249; x_wconf 88' lang='lat' dir='ltr'>unde</span> <span class='ocrx_word' id='word_1_330' title='bbox 767 2214 887 2248; x_wconf 86' lang='lat' dir='ltr'>edidit</span> <span class='ocrx_word' id='word_1_331' title='bbox 912 2215 1020 2249; x_wconf 82' lang='lat' dir='ltr'>Rossi</span> <span class='ocrx_word' id='word_1_332' title='bbox 1052 2214 1148 2249; x_wconf 91' lang='lat' dir='ltr'>Bull.</span> <span class='ocrx_word' id='word_1_333' title='bbox 1175 2213 1274 2249; x_wconf 82' lang='lat' dir='ltr'>crist.</span> <span class='ocrx_word' id='word_1_334' title='bbox 1304 2216 1394 2247; x_wconf 83' lang='grc'><strong>1880</strong></span> <span class='ocrx_word' id='word_1_335' title='bbox 1423 2224 1456 2257; x_wconf 90' lang='lat' dir='ltr'>p.</span> <span class='ocrx_word' id='word_1_336' title='bbox 1483 2216 1529 2246; x_wconf 83' lang='lat'>44</span> <span class='ocrx_word' id='word_1_337' title='bbox 1561 2214 1600 2247; x_wconf 84' lang='lat' dir='ltr'>et</span> 
     </span>
     <span class='ocr_line' id='line_1_39' title="bbox 256 2259 1603 2306; baseline -0.001 -11"><span class='ocrx_word' id='word_1_338' title='bbox 256 2261 355 2296; x_wconf 86' lang='lat' dir='ltr'>IChr.</span> <span class='ocrx_word' id='word_1_339' title='bbox 378 2262 410 2295; x_wconf 91' lang='grc' dir='ltr'>Π</span> <span class='ocrx_word' id='word_1_340' title='bbox 435 2273 469 2306; x_wconf 80' lang='lat' dir='ltr'>p.</span> <span class='ocrx_word' id='word_1_341' title='bbox 492 2264 551 2305; x_wconf 86' lang='grc'>62,</span> <span class='ocrx_word' id='word_1_342' title='bbox 580 2266 599 2295; x_wconf 90' lang='grc'><strong>3</strong></span> <span class='ocrx_word' id='word_1_343' title='bbox 626 2274 659 2306; x_wconf 92' lang='lat' dir='ltr'>p.</span> <span class='ocrx_word' id='word_1_344' title='bbox 684 2266 766 2305; x_wconf 74' lang='grc'>138,</span> <span class='ocrx_word' id='word_1_345' title='bbox 788 2266 849 2305; x_wconf 83' lang='grc'>24;</span> <span class='ocrx_word' id='word_1_346' title='bbox 883 2273 901 2296; x_wconf 89' lang='lat' dir='ltr'>e</span> <span class='ocrx_word' id='word_1_347' title='bbox 928 2263 1006 2297; x_wconf 85' lang='lat' dir='ltr'>cod.</span> <span class='ocrx_word' id='word_1_348' title='bbox 1030 2260 1307 2297; x_wconf 78' lang='lat' dir='ltr'>Claustroneob.</span> <span class='ocrx_word' id='word_1_349' title='bbox 1329 2259 1509 2294; x_wconf 86' lang='lat' dir='ltr'>Marinius</span> <span class='ocrx_word' id='word_1_350' title='bbox 1536 2271 1603 2305; x_wconf 71' lang='lat' dir='ltr'>ap.</span> 
     </span>
     <span class='ocr_line' id='line_1_40' title="bbox 256 2307 1596 2354; baseline -0.001 -12"><span class='ocrx_word' id='word_1_351' title='bbox 256 2308 397 2343; x_wconf 82' lang='lat' dir='ltr'>Maium</span> <span class='ocrx_word' id='word_1_352' title='bbox 423 2308 496 2343; x_wconf 81' lang='lat' dir='ltr'>Ser.</span> <span class='ocrx_word' id='word_1_353' title='bbox 524 2311 596 2343; x_wconf 85' lang='lat' dir='ltr'>uet.</span> <span class='ocrx_word' id='word_1_354' title='bbox 619 2309 651 2343; x_wconf 93' lang='lat' dir='ltr'>V</span> <span class='ocrx_word' id='word_1_355' title='bbox 675 2321 709 2353; x_wconf 86' lang='lat' dir='ltr'>p.</span> <span class='ocrx_word' id='word_1_356' title='bbox 737 2312 834 2354; x_wconf 83' lang='grc'>34,2,</span> <span class='ocrx_word' id='word_1_357' title='bbox 869 2320 887 2343; x_wconf 90' lang='lat' dir='ltr'>e</span> <span class='ocrx_word' id='word_1_358' title='bbox 927 2309 1066 2344; x_wconf 81' lang='lat' dir='ltr'>codicis</span> <span class='ocrx_word' id='word_1_359' title='bbox 1098 2307 1342 2343; x_wconf 88' lang='lat' dir='ltr'>Virdunensis</span> <span class='ocrx_word' id='word_1_360' title='bbox 1381 2307 1596 2351; x_wconf 79' lang='lat' dir='ltr'>apographo</span> 
     </span>
     <span class='ocr_line' id='line_1_41' title="bbox 256 2353 1598 2400; baseline -0.001 -11"><span class='ocrx_word' id='word_1_361' title='bbox 256 2355 528 2390; x_wconf 87' lang='lat' dir='ltr'>Mabilloniano</span> <span class='ocrx_word' id='word_1_362' title='bbox 564 2356 655 2400; x_wconf 83' lang='lat' dir='ltr'>(cod.</span> <span class='ocrx_word' id='word_1_363' title='bbox 684 2356 800 2391; x_wconf 80' lang='lat' dir='ltr'>Paris.</span> <span class='ocrx_word' id='word_1_364' title='bbox 830 2359 957 2400; x_wconf 77' lang='lat'>11902)</span> <span class='ocrx_word' id='word_1_365' title='bbox 983 2357 1032 2391; x_wconf 87' lang='lat' dir='ltr'>Le</span> <span class='ocrx_word' id='word_1_366' title='bbox 1058 2356 1170 2390; x_wconf 86' lang='lat' dir='ltr'>Blant</span> <span class='ocrx_word' id='word_1_367' title='bbox 1196 2355 1306 2389; x_wconf 89' lang='lat' dir='ltr'>Inscr.</span> <span class='ocrx_word' id='word_1_368' title='bbox 1333 2354 1446 2389; x_wconf 67' lang='lat' dir='ltr'>chret.</span> <span class='ocrx_word' id='word_1_369' title='bbox 1483 2354 1527 2388; x_wconf 87' lang='lat' dir='ltr'>de</span> <span class='ocrx_word' id='word_1_370' title='bbox 1560 2353 1598 2388; x_wconf 88' lang='lat' dir='ltr'>la</span> 
     </span>
     <span class='ocr_line' id='line_1_42' title="bbox 257 2401 1597 2448; baseline -0.001 -12"><span class='ocrx_word' id='word_1_371' title='bbox 257 2402 375 2437; x_wconf 75' lang='lat' dir='ltr'>Gaule</span> <span class='ocrx_word' id='word_1_372' title='bbox 400 2403 514 2448; x_wconf 82' lang='lat' dir='ltr'>praef.</span> <span class='ocrx_word' id='word_1_373' title='bbox 541 2415 575 2448; x_wconf 86' lang='lat' dir='ltr'>p.</span> <span class='ocrx_word' id='word_1_374' title='bbox 601 2403 791 2438; x_wconf 76' lang='lat' dir='ltr'>CXXXIV.</span> <span class='ocrx_word' id='word_1_375' title='bbox 843 2404 886 2439; x_wconf 74' lang='lat' dir='ltr'>ef.</span> <span class='ocrx_word' id='word_1_376' title='bbox 910 2404 1070 2448; x_wconf 84' lang='lat' dir='ltr'>Wilpert</span> <span class='ocrx_word' id='word_1_377' title='bbox 1095 2403 1219 2437; x_wconf 86' lang='lat' dir='ltr'>Roem.</span> <span class='ocrx_word' id='word_1_378' title='bbox 1249 2401 1537 2443; x_wconf 82' lang='lat' dir='ltr'>Quartalschrift</span> <span class='ocrx_word' id='word_1_379' title='bbox 1564 2401 1597 2435; x_wconf 91' lang='lat' dir='ltr'>II</span> 
     </span>
    </p>
   </div>
  </div>
 </body>
</html>
