1636 2593
162 119 243 161 138
718 120 870 154 INDEX
895 120 945 154 IV

157 227 258 262 Haec
284 227 467 261 Damasus
493 226 565 261 tibi
592 226 737 261 Christe
764 227 854 261 deus
880 238 978 262 noua
1004 230 1105 262 tecta
1132 227 1258 263 dicaui
1285 233 1328 263 55

158 275 259 309 Haec
286 274 508 318 quicumque
536 274 641 308 uides
668 274 784 308 nimio
810 274 976 319 perfecta
1003 275 1132 310 labore
1160 279 1202 310 79

156 322 262 356 Hanc
289 333 392 356 aram
419 321 560 356 domini
587 323 739 356 serua-nt
764 322 976 366 Paulusque
1001 323 1184 358 Iohannes
1211 323 1280 358 58*

158 369 352 404 Heraclius
379 369 501 404 uetuit
527 369 653 404 labsos
679 372 834 413 peccata
862 370 986 405 dolere
1015 373 1057 404 18

157 417 226 451 Hic
253 419 431 461 congesta
457 416 556 451 iacet
581 416 729 461 quaeris
756 417 788 451 si
813 417 924 452 turba
949 417 1097 462 piorum
1124 422 1165 452 12

157 464 226 498 Hic
253 465 384 499 Festus
410 464 509 499 iacet
536 464 766 510 cognosc[ite
795 494 800 500 .
825 494 830 500 .
854 493 860 499 .
883 466 907 510 ‚l
936 469 979 499 76

157 512 226 546 Hic
252 512 354 546 furor
379 511 528 546 hostilis
554 512 736 557 templum
761 512 921 546 uiolauit
946 512 1096 557 iniquus
1124 516 1168 547 99

157 559 226 594 Hic
252 559 445 594 habitasse
471 559 574 604 prius
601 561 749 594 sanctos
777 571 998 605 cognoscere
1026 560 1138 595 debes
1165 564 1210 595 26

156 607 226 641 Hic
251 607 395 651 positus
423 607 518 642 caeli
544 607 777 642 transcendit
803 607 967 642 culmina
992 607 1130 642 Paulus
1159 611 1201 642 75

156 654 226 689 Hic
252 654 350 689 uotis
376 654 530 699 paribus
557 654 742 689 tumulum
769 655 841 689 duo
867 655 1019 690 nomina
1046 657 1197 690 seruant
1223 658 1267 690 87

156 702 252 736 Hinc
277 704 385 747 pater
411 704 585 747 exceptor
610 702 728 737 lector
752 702 870 737 leuita
898 703 1070 737 sacerdos
1097 707 1140 737 57

156 749 382 794 Hippolytus
409 749 526 784 fertur
551 751 761 794 premerent
787 761 871 784 cum
897 750 999 785 iussa
1025 750 1175 795 tyranni
1202 754 1245 784 37

156 797 235 831 Hoc
261 797 405 831 tumulo
432 799 580 832 sacrata
607 798 675 832 deo
702 809 799 832 nunc
824 798 991 832 membra
1017 798 1214 842 quiescunt
1242 801 1284 832 10

156 880 380 914 Iamdudum
405 880 505 924 quod
531 880 632 914 fama
657 880 770 915 refert
798 882 835 915 te
863 880 1020 915 Graecia
1046 880 1149 915 misit
1175 885 1218 915 5-2

156 927 379 962 Iamdudum
406 927 539 962 Saulus
565 938 760 972 procerum
783 931 984 973 praecepta
1011 930 1159 963 secutus
1187 934 1206 962 2

155 976 198 1009 In
223 975 333 1009 rebus
360 975 477 1010 tantis
503 974 603 1009 trina
630 975 842 1010 coniunctio
868 975 998 1009 mundi
1024 979 1069 1010 64

156 1022 283 1057 Incola
308 1034 406 1057 nunc
433 1022 572 1058 Christi
598 1022 721 1057 fuerat
747 1022 986 1067 Carthaginis
1013 1025 1100 1058 ante
1126 1027 1171 1058 46

158 1070 319 1116 [insons]
347 1070 427 1104 uita
454 1070 527 1104 fuit
551 1070 670 1104 Marci
695 1081 808 1114 quam
832 1070 1004 1105 nouimus
1032 1082 1158 1105 omnes
1188 1075 1228 1105 11

156 1117 324 1152 Intonuit
349 1118 550 1153 metuenda
577 1117 655 1152 dies
683 1117 842 1152 surrexit
867 1118 907 1152 in
932 1118 1079 1153 hostem
1104 1122 1179 1153 86a

156 1166 229 1199 Iste
256 1165 438 1200 salutares
464 1165 547 1200 fons
574 1165 741 1200 continet
766 1164 918 1200 inclitus
945 1166 1064 1200 undas
1093 1170 1157 1200 101

155 1212 244 1246 Istic
270 1212 436 1247 insontes
463 1212 618 1248 caelesti
643 1212 793 1247 flumine
819 1212 916 1247 lotas
945 1217 987 1247 73

155 1260 238 1294 Iure
263 1260 347 1305 pari
371 1263 506 1306 regnat
531 1260 736 1295 communis
763 1260 934 1295 conditor
960 1260 1045 1295 aeui
1071 1264 1115 1295 65

155 1332 272 1365 Laeta
300 1331 368 1366 deo
395 1331 501 1376 plebs
528 1333 658 1366 sancta
685 1333 797 1366 canat
822 1331 922 1376 quod
947 1330 1095 1366 moenia
1121 1333 1290 1366 crescunt
1315 1335 1359 1366 82

156 1379 346 1413 Liberium
371 1378 489 1414 lector
514 1390 599 1414 mox
625 1381 663 1414 et
689 1379 807 1413 leuita
833 1380 981 1413 secutus
1009 1382 1052 1413 93

156 1450 373 1485 Marcelline
398 1451 482 1484 tuos
509 1450 650 1495 pariter
675 1450 785 1484 Petre
811 1460 918 1484 nosse
945 1449 1152 1494 triumphos
1180 1454 1223 1484 ‘29

156 1497 404 1532 Mai-moribus
430 1498 569 1532 uestita
597 1498 611 1544 [
614 1527 762 1532 .....
766 1498 780 1544 ]
807 1502 851 1532 35

155 1545 373 1579 Martiribus
401 1545 540 1579 sanctis
567 1545 678 1579 Proto
704 1545 918 1590 pariterque
944 1544 1156 1589 Hiacyntho
1185 1548 1226 1578 97

155 1592 331 1637 Martyris
359 1603 442 1626 ecce
471 1592 549 1627 dies
577 1592 749 1637 Agathae
778 1596 818 1626 71

155 1639 331 1684 Martyris
357 1639 449 1673 haec
476 1640 626 1674 Nemesi
652 1640 757 1674 sedes
783 1650 850 1684 per
875 1638 1026 1673 saecula
1051 1638 1157 1673 floret
1184 1642 1228 1673 80

155 1687 331 1731 Martyris
357 1686 418 1721 hic
444 1687 566 1721 Mauri
591 1686 755 1721 tumulus
781 1686 845 1731 pia
870 1686 1037 1721 membra
1062 1688 1226 1720 retentat
1252 1690 1296 1720 44

155 1734 331 1778 Martyris
358 1734 417 1768 hic
444 1734 608 1768 tumulus
635 1745 770 1778 magno
797 1734 865 1768 sub
892 1733 1032 1768 uertice
1058 1733 1195 1768 montis
1223 1738 1264 1768 31

155 1781 317 1816 Militiae
343 1792 477 1816 nomen
505 1781 685 1816 dederant
712 1792 938 1825 saeuumque
963 1780 1145 1825 gerebant
1172 1787 1192 1814 ὅ

155 1852 256 1887 Nata
282 1852 402 1887 Maria
429 1852 537 1886 simul
564 1863 649 1887 caro
676 1864 759 1887 cum
784 1852 898 1886 fratre
924 1851 1044 1886 Nione
1074 1856 1115 1886 77

155 1900 240 1934 Non
265 1900 358 1934 haec
384 1899 556 1933 humanis
583 1899 716 1944 opibus
742 1910 816 1933 non
843 1901 922 1933 arte
948 1899 1130 1944 magistra
1157 1900 1202 1933 5*

154 1947 239 1982 Non
265 1947 399 1981 mirum
425 1949 482 1981 est
507 1946 623 1981 fallax
647 1946 803 1981 nimium
829 1947 929 1990 quod
954 1946 1104 1981 flamma
1129 1946 1294 1981 minatur
1321 1949 1387 1980 102

155 1994 289 2041 <Nunc
316 1994 469 2029 Damasi
496 1994 647 2029 monitis
675 2005 782 2028 aures
809 1994 985 2038 praebete
1012 1994 1223 2041 benignas>
1253 1998 1269 2027 1

157 2065 186 2100 O
214 2065 327 2100 semel
355 2067 467 2109 atque
493 2064 627 2100 iteruin
654 2076 742 2099 uero
770 2065 814 2099 de
840 2064 989 2099 nomine
1016 2064 1121 2099 Felix
1149 2068 1167 2098 7

157 2112 256 2147 Olim
283 2112 505 2157 sacrilegam
530 2124 643 2156 quam
668 2112 771 2146 misit
798 2112 955 2146 Graecia
980 2112 1130 2146 turbam
1158 2115 1201 2146 78

158 2160 292 2195 Omnia
318 2171 486 2204 quaeque
514 2160 619 2194 uides
645 2159 794 2204 proprio
821 2159 992 2203 quaesita
1019 2159 1145 2194 labore
1173 2159 1242 2193 33*

155 2232 228 2266 Par
253 2231 426 2266 meritum
451 2230 674 2275 quicumque
701 2229 795 2275 legis
822 2241 1002 2275 cognosce
1030 2230 1185 2265 duorum
1213 2235 1254 2265 14

156 2278 377 2313 Perdiderat
402 2278 557 2312 laticum
583 2277 768 2321 longaeua
793 2277 938 2312 incuria
964 2289 1091 2312 cursus
1119 2281 1162 2312 74

155 2326 308 2360 Praesul
335 2325 564 2370 apostolicae
591 2325 688 2360 sedis
714 2324 941 2359 uenerabilis
969 2324 1069 2359 omni
1095 2328 1138 2358 92

155 2374 354 2417 Presbyter
380 2373 439 2408 hic
467 2372 587 2407 uoluit
614 2372 781 2407 Sisinnus
808 2383 943 2417 ponere
970 2372 1134 2406 membra
1161 2372 1229 2406 28*
