1636 2593
48 1298 91 1328 10

48 1649 90 1679 15

711 560 730 598 1

139 653 291 707 <Nunc
322 653 495 694 Damasi
526 652 698 693 monitis
731 666 850 693 aures
882 654 1076 706 praebete
1108 654 1325 709 benignas.

140 724 317 778 quisque
350 724 441 764 sitit
473 723 615 764 ueniat
648 723 818 776 cupiens
849 723 1016 763 haurire
1048 724 1223 778 fluenta,

139 795 325 835 inueniet
355 794 499 835 latices
533 796 703 834 seruant
735 793 807 846 qui
840 793 975 834 dulcia
1006 793 1145 834 mella:

139 865 332 906 sordibus
365 864 568 918 expositis
600 866 782 918 purgant
815 864 1045 917 penetralia
1077 865 1211 905 cordis

137 938 307 989 pectora
339 949 433 975 cum
463 937 669 975 renouant
701 933 872 975 Christo
907 934 1062 975 seruire
1093 935 1270 988 parati>

138 1005 395 1059 Prophetam
430 1003 587 1045 Christi
621 1007 811 1045 sanctum
844 1019 1092 1059 cognoscere
1126 1004 1259 1045 debes.

135 1079 346 1130 pastorem
377 1090 572 1130 puerum,
604 1075 749 1115 multis
782 1075 830 1115 de
862 1075 1064 1115 fratribus
1097 1090 1243 1129 unum,

137 1146 309 1201 angelus
342 1161 392 1187 ex
425 1146 576 1187 ouibus
608 1146 749 1199 rapuit
780 1160 1003 1200 regemque
1037 1145 1209 1199 dicauit,

137 1231 295 1272 organa
327 1217 399 1270 qui
433 1217 559 1257 sciret
589 1216 783 1256 manibus
816 1230 1064 1269 componere
1096 1215 1226 1268 solus7

138 1287 314 1340 psallere
345 1301 421 1341 per
453 1287 659 1327 citharam
690 1286 857 1340 populis
889 1285 1082 1325 caelestia
1113 1300 1252 1340 regna.

139 1357 353 1412 ingentem
386 1357 604 1411 clipeoque
636 1357 756 1411 graui
788 1356 1026 1409 frustraque
1060 1356 1289 1396 minantem

135 1428 281 1480 impia,
314 1427 581 1481 maledicum⁷
614 1427 764 1467 faleras
796 1426 961 1479 telaque
992 1428 1223 1480 gerentem,

134 1497 357 1538 surdorum
391 1498 559 1538 demens
591 1497 746 1537 coleret
781 1496 852 1549 qui
885 1496 1041 1549 templa
1074 1496 1262 1550 deorum,

132 1568 335 1609 mactauit
366 1583 466 1609 saxo
499 1568 621 1608 tereti
654 1570 932 1620 truncumque
964 1566 1154 1621 reliquit7

136 1638 374 1693 iudicioque
409 1639 474 1680 dei
514 1639 674 1694 ingenti
712 1653 810 1679 mox
850 1637 971 1678 caede
1003 1639 1171 1690 peracta

132 1710 386 1750 monstrauit
417 1709 585 1763 populis
617 1709 773 1749 tulerat
806 1722 910 1762 quae
943 1722 993 1748 ex
1024 1707 1144 1748 hoste
1173 1710 1357 1761 tropaea.

131 1779 232 1820 haec
252 1779 459 1820 Damasus
485 1779 574 1833 scit,
601 1781 754 1833 sancte,
780 1781 875 1818 tuos
896 1777 1104 1818 celebrare
1129 1777 1378 1831 triumphos.

136 1895 189 1929 De
215 1894 402 1929 codicibus
429 1894 492 1938 qui
517 1895 586 1928 hoc
612 1905 759 1928 carmen
784 1893 822 1927 in
846 1892 995 1927 laudem
1015 1891 1170 1926 Dauidis
1197 1893 1378 1936 composi-

41 1943 120 1976 tum
152 1953 226 1976 una
259 1953 340 1976 cum
373 1941 578 1976 ‘uersiculis
610 1941 825 1985 Hieronymi
856 1939 1075 1984 presbyteri’
1117 1938 1226 1983 (infra
1257 1951 1290 1974 n.
1319 1943 1375 1983 63>

41 1989 210 2032 tradunt,
243 1988 281 2022 in
306 1988 537 2033 praefatione
564 1988 704 2022 dictum
731 1989 802 2032 est3
835 1987 974 2021 ibidem
999 1987 1107 2020 notae
1135 1985 1375 2031 explicantur.

41 2035 237 2070 ediderunt
262 2035 441 2070 Batonius
475 2047 506 2070 a.
534 2039 617 2079 384,
652 2047 674 2070 a
704 2046 775 2079 quo
806 2034 970 2079 pendent
995 2033 1170 2068 Sal-azani
1201 2045 1234 2068 n.
1264 2037 1305 2066 15
1339 2034 1375 2066 et

41 2082 219 2117 Merenda
249 2095 283 2117 n.
307 2087 343 2126 1,
375 2082 511 2117 Paulus
542 2083 586 2116 de
612 2082 779 2126 Lagarde
806 2080 1027 2115 Psalterium
1058 2079 1162 2114 iuxta
1187 2080 1374 2113 Hebraeos

40 2129 255 2209 Igieronymi
274 2142 308 2174 p.
327 2133 392 2164 167
407 2131 441 2174 (e
468 2129 571 2164 codd.
594 2129 702 2173 7¹72),
729 2128 836 2163 Rossi
856 2128 954 2162 IChr.
972 2127 1004 2161 II
1024 2140 1057 2172 p.
1073 2130 1139 2161 449
1155 2126 1374 2170 (exemplum

71 2176 140 2210 etri
165 2176 307 2221 Sabini)

133 2223 283 2258 Lemma
319 2223 505 2268 peculiare
537 2223 575 2256 in
612 2221 797 2267 plerisque
835 2221 940 2256 libris
974 2222 1077 2255 deest
1108 2219 1165 2264 (cf.
1194 2219 1275 2253 adn.
1305 2221 1373 2261 63).

39 2271 237 2305 uersiculus
262 2271 418 2305 Damasi
439 2281 534 2315 pape
559 2270 609 2315 (3¹,
641 2281 764 2305 uersus
789 2270 946 2304 Damasi
976 2269 1016 2302 in
1048 2268 1186 2301 laudem
1212 2266 1375 2300 Danidis

39 2316 231 2361 Baronius,
258 2317 302 2351 de
323 2317 405 2351 aliis
426 2330 458 2351 u.
476 2316 588 2362 praef.
616 2319 626 2361 ΙΙ
655 2321 671 2350 1
695 2328 763 2351 om.
785 2317 807 2361 β
830 2318 833 2360 Ι
856 2316 983 2350 moniti
1008 2315 1045 2359 β1
1069 2316 1073 2358 Ι
1096 2314 1288 2358 beym'ssnas
1307 2312 1372 2355 αἶ]

108 2382 275 2415 ΒΑΜΑενε,
295 2383 338 2407 ed.
359 2383 437 2407 Ihm
1146 2375 1162 2404 1
