1636 2593
149 111 209 151 40
537 109 722 144 DAMASI
748 109 1106 145 EPIGRAMMATA

246 216 473 260 Fragmenta
511 215 695 261 epitaphii
726 216 907 251 Florentii
945 219 992 261 (u
1026 217 1110 251 adn.
1145 219 1203 261 33)
1237 217 1498 252 Philocaliana

151 264 274 309 specie
307 263 518 298 litteraium
548 263 730 308 inscripta
761 264 801 298 in
832 275 922 309 agro
954 265 1101 299 Verano
1132 265 1352 309 prodierunt
1381 275 1495 310 prope

150 311 349 346 basilicam
375 323 401 345 5.
422 310 624 345 Laurentii.
675 311 874 346 frustulum
900 324 959 346 uu
988 316 1056 346 6-
1059 315 1079 345 9
1106 314 1289 347 extremos
1316 312 1496 347 exhibens

152 359 243 393 satis
274 358 456 392 adtritum
485 357 566 392 uidi
596 358 636 392 111
667 370 794 393 museo
820 359 1062 393 Lateranensi
1088 359 1207 403 (class.
1237 360 1287 394 III
1314 364 1351 403 5,
1387 359 1496 394 Rossi

149 406 244 440 Mus.
272 405 450 440 Pio-Lat.
477 406 553 440 tab.
581 406 633 440 ΠΙ
660 410 697 450 5,
729 406 856 441 Roller
880 407 949 441 Les
982 407 1217 442 catacombes
1250 407 1295 441 de
1321 407 1436 442 Rome
1461 406 1496 441 H

150 454 228 488 tab.
249 453 330 487 LXI
355 466 389 488 n.
411 456 446 498 5)
470 464 589 497 neque
616 464 743 488 ueram
763 453 946 488 Philocali
972 456 1091 492 artem
1117 455 1254 499 agnoui
1281 454 1346 489 sed
1370 453 1496 499 potius

151 500 420 544 imitationem,
459 502 501 534 ut
540 501 584 535 de
623 500 766 545 origine
804 501 1032 535 Damasiana
1068 501 1219 537 minime
1258 504 1402 536 constet
1441 504 1494 546 (u.

151 548 246 583 Mus.
267 548 384 582 Rhen.
405 548 433 582 L
458 560 493 592 p.
517 550 608 591 198).
659 548 846 593 integrum
873 549 1039 583 seruauit
1063 549 1102 584 P.
1144 549 1252 583 Rossi
1278 549 1373 584 Bull.
1395 548 1495 583 crist.

155 600 243 630 1881
259 608 294 640 p.
314 599 367 630 19.
384 599 515 639 34sqq
549 595 649 630 {Chr
664 595 746 640 Hp.
764 599 817 640 92,
831 596 1110 639 57·Buecheler
1123 596 1234 631 Anth.
1251 596 1365 641 epigr.
1380 608 1414 631 11.
1428 599 1498 631 673

249 648 266 677 1
299 643 385 688 Quis
377 645 469 688 quis
489 654 524 678 es
543 645 580 677 et
599 645 755 688 sequeris
774 643 889 678 codex
915 643 1079 688 (litterae
1101 656 1198 689 ques
1217 647 1303 678 ante
1324 643 1499 678 lacunam

151 690 191 725 in
211 690 350 743 lituia).
392 690 478 743 dedi
492 689 616 724 Rossii
635 690 845 735 lectionem,
867 702 962 734 quae
982 702 1102 744 magis
1122 690 1247 735 placet
1266 702 1378 734 quam
1397 690 1498 734 quod

150 738 245 772 mihi
266 737 427 792 primum
446 737 485 771 111
504 739 667 772 mentem
686 740 841 772 ueneiat
861 751 872 772 ι
862 739 1023 783 ztesqm's
1043 740 1128 773 ades
1146 740 1293 774 tumulo.
1338 738 1383 772 cf.
1407 741 1461 782 10,
1476 741 1496 771 2

153 797 283 821 women
307 787 340 819 si
365 786 508 830 quaeris
533 786 638 820 Irene
752 790 772 819 3
799 785 1003 820 Buecheler
1028 798 1062 820 n.
1086 789 1151 820 778
1179 787 1322 820 dommo
1346 786 1500 820 reddens

153 834 338 868 landabzle
365 844 494 867 vlumus·
602 836 623 866 4
649 837 761 868 r·ect02
787 833 879 878 cod,
907 833 1006 877 quod
1032 833 1157 867 1105010
1183 844 1232 867 an
1255 834 1408 878 propter
1433 832 1499 866 ad-

153 880 275 914 ditum
309 882 345 914 in
378 881 503 915 ordine
534 879 687 914 retineri
717 880 853 925 possit,
890 881 996 915 lector
1026 880 1181 915 Rossius
1207 880 1266 924 (cf.
1295 883 1338 914 57
1365 882 1402 914 et
1428 881 1497 924 93).

153 930 253 962 certe
279 927 433 962 rectoris
458 938 531 962 uox
556 927 617 962 hic
638 927 685 961 ab
706 939 775 961 usu
795 927 1022 962 Damasiano
1049 927 1226 962 abhorret
1252 929 1299 972 (u.
1321 927 1406 962 adn.
1429 928 1498 972 5‚4)

248 979 267 1009 5
295 976 358 1020 qui
384 975 475 1019 00(1.,
509 976 570 1009 cui
594 974 746 1009 Rossius
773 974 963 1019 explicans
993 975 1066 1009 ‘cui
1092 987 1199 1010 senem
1224 974 1296 1009 fuit
1330 976 1369 1009 in
1393 975 1499 1009 terris

153 1028 261 1068 pater
288 1024 370 1057 item
394 1023 584 1057 sacerdos⁷.
634 1021 758 1057 semet&
787 1022 885 1066 quod
913 1024 1080 1067 superest
1104 1022 1143 1056 111
1168 1022 1295 1067 lapide
1320 1033 1409 1056 num
1435 1021 1501 1056 ad-

151 1069 324 1104 uerbium
357 1069 406 1104 sit
438 1069 587 1113 dubito,
620 1071 719 1104 certe
744 1069 927 1104 Damasus
959 1069 1140 1104 aduerbia
1170 1069 1210 1103 in
1243 1074 1261 1103 ἕ
1286 1069 1394 1103 finita
1425 1079 1500 1103 non

152 1116 318 1161 corripit,
344 1128 465 1161 neque
491 1118 533 1150 ut
558 1121 642 1151 Item
661 1116 822 1151 Damaso
849 1116 1014 1151 tribuam
1040 1116 1177 1151 adduci
1208 1127 1356 1161 possum
1391 1117 1499 1160 Grec-

152 1164 228 1199 tius
261 1165 368 1199 idem’
398 1163 603 1198 Buecheler
636 1164 806 1207 adnotat)
930 1168 947 1198 7
974 1169 1065 1199 sorte
1090 1164 1205 1208 lapis,
1238 1169 1346 1199 morte
1372 1163 1499 1197 codex,

154 1211 342 1246 sententia
363 1210 562 1246 obscurior.
610 1211 654 1245 cf.
677 1210 794 1245 Orest.
816 1213 911 1255 trag.
934 1214 999 1245 281
1023 1216 1152 1256 petunt
1171 1212 1213 1246 de
1232 1216 1323 1246 sorte
1342 1211 1501 1246 secunda

152 1258 371 1304 Vergilique
399 1258 586 1293 clausulas
613 1260 765 1302 fortuna
790 1260 965 1302 secunda,
997 1260 1166 1302 clamore,
1198 1258 1320 1293 Marte
1345 1258 1501 1293 secundo

152 1308 244 1341 Aen.
265 1306 315 1340 IX
336 1309 404 1340 280
429 1305 463 1340 Χ
483 1310 549 1340 266
576 1305 627 1339 XI
647 1309 726 1340 899.
773 1306 817 1340 (10
845 1311 877 1340 et
903 1305 1037 1350 copula
1062 1318 1096 1341 u.
1119 1306 1203 1340 adn.
1226 1310 1280 1349 11,
1301 1308 1321 1339 9
1395 1308 1415 1339 8
1442 1316 1501 1340 ore

154 1354 247 1398 cod,
274 1365 357 1389 orae
383 1353 483 1397 quod
508 1353 548 1387 in
570 1363 752 1388 marmore
779 1355 935 1397 apparet
954 1353 1148 1387 Philocalo
1174 1352 1380 1397 indignum.
1427 1353 1500 1396 spi-

153 1403 249 1436 witus
269 1403 342 1436 oris
354 1400 498 1446 Vergili
519 1400 687 1435 clausula
703 1400 833 1445 Georg.
849 1401 900 1435 [V
914 1403 994 1444 300,
1009 1400 1053 1435 cf.
1070 1400 1143 1435 CIL
1163 1400 1214 1434 XI
1227 1404 1317 1434 4311
1334 1402 1392 1444 (=
1406 1399 1502 1434 Bue—

153 1448 279 1483 cheler
303 1461 338 1483 n.
360 1450 442 1492 457)
470 1453 597 1493 raptus
622 1449 711 1482 vmihi
735 1449 887 1492 spiritus
912 1459 970 1483 ore
995 1453 1045 1482 est
1165 1451 1184 1482 9
1212 1447 1256 1482 cf.
1278 1447 1387 1492 Verg.
1408 1447 1499 1481 Aen.

153 1496 204 1529 XI
227 1500 292 1530 159
319 1497 409 1539 felix
437 1500 544 1530 morte
562 1500 639 1538 tua,
665 1495 816 1529 Anthol.
838 1494 903 1530 lat.
925 1494 1043 1529 Riesii
1068 1507 1103 1529 n.
1126 1498 1169 1528 9-2
1194 1496 1286 1538 felia:
1305 1499 1414 1529 morte
1432 1505 1502 1528 sua

155 1548 204 1578 est
303 1547 346 1577 10
379 1544 589 1587 corruptus,
624 1544 719 1587 quod
745 1543 866 1587 patris
897 1542 937 1575 in
960 1553 1144 1576 marmore
1177 1543 1353 1586 superest
1405 1551 1501 1594 quae

155 1590 309 1624 Rossius
340 1590 535 1634 proposuit
567 1590 661 1634 quod
687 1591 809 1634 patris
839 1601 880 1623 m
911 1589 1004 1634 (siue
1036 1590 1112 1633 hoc)
1145 1589 1281 1623 tumulo
1313 1590 1396 1623 bene
1427 1589 1502 1622 iam

155 1650 233 1672 mea
257 1639 413 1672 membm
439 1639 625 1682 qui'esczmt
652 1636 859 1671 sententiae
885 1647 1018 1680 parum
1038 1635 1280 1673 conueniunt:
1306 1638 1414 1680 pater
1439 1634 1501 1669 hic

155 1685 307 1719 uidetur
345 1684 434 1718 deus
472 1683 748 1728 intellegendus
787 1694 883 1727 esse,
922 1685 964 1717 ut
999 1682 1165 1728 cogitare
1197 1675 1317 1727 possis
1354 1682 1398 1716 de
1430 1681 1501 1716 tali

156 1731 414 1777 supplemento
445 1733 540 1776 quod
559 1732 680 1776 patrzs
705 1732 858 1775 hospitio
884 1730 1007 1775 (Verg.
1034 1731 1124 1765 Aen
1152 1730 1184 1764 X
1204 1734 1271 1764 459
1294 1741 1361 1774 per
1384 1731 1503 1774 patris

155 1781 364 1824 hospztzfum)
397 1780 535 1813 domini
571 1790 649 1813 mea
683 1779 838 1813 membra
864 1779 1050 1822 quieseunt
1081 1779 1212 1822 (paim-5
1237 1778 1357 1820 officio
1388 1781 1503 1812 terrae

156 1826 385 1870 Buecheler).
436 1827 599 1860 ceterum
630 1825 674 1860 cf.
710 1829 769 1868 10,
798 1830 814 1859 1
855 1826 918 1860 hoc
957 1826 1094 1859 tmnulo
1125 1830 1269 1860 sacrata
1307 1825 1370 1860 deo
1404 1835 1504 1858 nume

158 1875 314 1909 membra
341 1875 525 1919 quieseuozt
623 1877 663 1906 11
692 1883 760 1906 om.
789 1872 904 1906 codex

799 2028 854 2069 35

403 2134 689 2175 Marmoribus
720 2134 875 2175 uestita
921 2167 1257 2175 .........

401 2220 507 2259 quae
540 2206 790 2246 intemerata
822 2204 924 2245 fides
963 2238 1257 2245 ........

401 2276 470 2316 hic
503 2277 629 2317 etiam
661 2276 799 2330 paries
831 2275 942 2316 iusto
963 2307 1259 2316 ........

402 2347 543 2387 omnia
575 2347 698 2400 plena
732 2346 848 2387 uides
877 2377 1257 2386 ..........
