1636 2593
195 87 316 122 XVIII
726 83 999 119 PRAEFATIO

197 195 353 237 omisso
386 192 653 247 tetrasticho,
686 207 769 246 quo
802 191 1070 234 celebrantur
1101 193 1239 235 latices
1269 195 1341 247 qui
1371 199 1544 237 seruant

197 254 334 296 dulcia
358 252 479 294 mella
505 255 548 293 et
564 256 752 305 purgant
766 251 1001 304 penetralia
1025 253 1173 304 cordis,
1206 267 1375 294 carmen
1401 253 1537 295 multo

196 313 347 353 melius
378 311 602 366 procedere
635 311 730 365 tale,
763 311 905 365 qualia
935 311 1129 365 pontifex
1161 312 1312 353 solitus
1338 315 1402 353 est
1427 327 1538 354 com-

195 385 350 426 ponere
405 370 590 411 nominis
639 370 705 410 sui
753 370 1013 411 mentionem
1057 371 1161 412 calci
1203 386 1441 426 reseruans,
1489 375 1545 413 ut-

196 431 355 471 factum
394 429 588 470 uidemus
628 429 672 470 in
715 429 854 485 elogio
895 428 1013 470 Petri
1050 429 1257 484 Paulique
1295 445 1334 471 n.
1363 432 1417 473 26
1452 431 1539 473 Hie

195 489 398 531 habitasse
420 489 544 541 prius
575 491 735 530 sanctos
759 502 987 541 coynoseere
1012 489 1125 531 debes
1146 523 1152 529 .
1175 524 1182 531 .
1205 523 1212 530 .
1234 524 1241 530 .
1262 490 1360 531 haee
1378 489 1541 531 Dama-

195 561 264 590 sus
295 550 452 589 uestras
481 548 635 600 referat
662 561 773 589 uoua
803 548 941 589 sidera
972 547 1123 590 laudes.
1183 563 1393 603 nusquam
1425 549 1538 590 enim

197 609 343 648 auctor
374 606 559 647 nominis
591 606 656 647 sui
687 606 891 662 prodigus
919 607 986 648 bis
1011 607 1056 648 in
1082 607 1228 649 eodem
1255 623 1410 649 nomen
1436 608 1535 649 edit.

197 668 454 720 quapropter
485 665 782 706 tetrastichum
815 680 983 720 quoque
1015 666 1139 721 illud,
1172 667 1250 708 etsi
1282 668 1429 708 stilum
1455 667 1538 708 Da-

196 739 311 766 maso
351 724 576 766 conuenire
608 739 695 766 non
725 739 899 779 prorsus
932 725 1152 766 abnuerim
1168 724 1213 782 1),
1253 726 1304 766 ab
1336 726 1417 767 hoc
1451 740 1537 767 car-

197 785 309 825 mine
342 783 527 824 alienum
557 786 675 838 puto.

284 853 462 895 Carmen
485 854 534 895 de
554 854 687 896 Paulo
703 855 895 909 apostolo
909 853 1022 911 (11.2)
1038 855 1083 896 in
1095 855 1292 909 plurimis
1313 856 1533 897 codicibus

195 914 376 955 maxime
425 913 549 955 Pauli
599 914 877 968 epistularum
925 914 1133 968 prooemii
1182 914 1317 956 instar
1365 915 1537 970 legitur,

196 973 443 1015 mendosum
474 973 519 1014 in
549 973 775 1028 plerisque.
837 973 1014 1014 adhibui
1044 973 1189 1014 hosce:

344 1042 443 1085 Cod.
474 1043 638 1085 Monac.
671 1045 784 1086 6229
824 1042 948 1099 (Fris.
982 1042 1057 1100 29)
1096 1058 1200 1085 saec.
1232 1042 1425 1099 VIIIJIX
1456 1043 1485 1085 f.
1513 1044 1536 1084 1

257 1102 372 1158 (uide
419 1101 607 1158 Catalog.
649 1103 739 1144 cod.
776 1102 867 1144 Lat.
906 1103 1009 1144 bibl.
1046 1102 1209 1144 Monac.
1247 1101 1267 1143 I
1306 1104 1331 1144 3
1376 1118 1415 1157 p.
1450 1101 1539 1158 75).

255 1164 454 1203 secuntur
490 1161 613 1203 Pauli
655 1162 860 1217 epistulae
901 1176 996 1203 cum
1029 1162 1229 1218 ‘prologo
1262 1161 1539 1216 Hieronymi’

156 1243 193 1266 m
255 1224 296 1262 et
328 1221 602 1277 argumentis.
663 1221 811 1262 notaui
842 1221 987 1261 littera
1018 1232 1078 1262 m.

344 1279 442 1321 Cod.
475 1280 598 1321 Bern.
632 1279 719 1321 334
749 1279 924 1320 miscell.
957 1293 1061 1320 saec.
1093 1278 1133 1319 X
1164 1279 1192 1319 f.
1219 1279 1302 1319 251
1335 1278 1544 1330 incipiunt

253 1353 395 1381 uersus
418 1353 558 1393 papae
587 1338 770 1380 Damasi
801 1339 847 1380 iu
878 1338 997 1380 laude
1029 1337 1160 1379 Pauli
1190 1336 1372 1390 apostoli.
1382 1334 1417 1392 2)
1479 1350 1539 1377 se-

169 1409 193 1443 b
255 1401 407 1439 cuntur
438 1398 642 1452 epistulae
673 1397 809 1439 Pauli.
864 1397 971 1438 mihi
1003 1397 1085 1437 erit
1115 1396 1157 1437 b.
1214 1395 1536 1437 describendum

255 1457 360 1498 mihi
399 1458 565 1498 curauit
600 1472 640 1498 u.
673 1457 709 1498 d.
748 1456 928 1497 Bloesch
969 1455 1252 1496 bibliothecae
1289 1453 1538 1507 praefectus.

174 1536 199 1570 q
350 1515 448 1557 Cod.
479 1516 713 1557 Vossianus
751 1513 819 1571 (q)
859 1513 905 1563 Q.
939 1515 993 1556 69
1031 1527 1136 1554 saec.
1169 1512 1207 1553 X
1238 1512 1265 1553 f.
1295 1513 1347 1553 18
1388 1511 1538 1553 Versus

258 1575 437 1617 Damasi
485 1575 661 1629 episcopi
708 1575 822 1616 urbis
870 1573 1038 1615 Romae.
1113 1571 1295 1613 contulit
1337 1570 1443 1612 mihi
1488 1570 1537 1611 de

259 1633 393 1675 Vries.
411 1633 444 1690 3)

298 1764 329 1805 1)
355 1762 522 1796 clausula
552 1763 688 1797 seruire
712 1762 842 1807 parati
872 1760 970 1795 redit
1001 1759 1039 1793 in
1065 1761 1085 1793 8
1112 1758 1329 1803 (praeceptis
1351 1786 1356 1791 .
1380 1786 1386 1791 .
1409 1786 1415 1791 .
1439 1785 1450 1809 ·.
1465 1767 1537 1791 ser·

201 1810 279 1843 uire
306 1811 461 1854 parati),
495 1810 700 1854 penetralia
731 1810 849 1844 cordis
879 1807 918 1842 in
951 1811 1010 1850 11,
1044 1806 1249 1851 penetralia
1276 1804 1415 1839 Christi
1440 1815 1479 1837 1n
1505 1807 1536 1837 2.

204 1866 248 1890 ea
273 1866 367 1899 quae
393 1856 545 1891 Rossius
571 1857 682 1891 Inscr.
709 1855 836 1891 christ.
863 1855 896 1889 II
920 1867 956 1899 p.
977 1856 1046 1888 450
1072 1853 1121 1887 ad
1145 1851 1380 1897 probandum
1403 1851 1542 1903 Dama7

204 1914 284 1936 sum
325 1904 511 1937 auctorem
538 1903 660 1938 adfert
690 1903 785 1937 nihil
817 1902 987 1947 probant.
1037 1912 1124 1935 nam
1155 1899 1319 1943 elogium
1342 1898 1542 1942 Redempti

203 1950 282 1993 (⁴21*
309 1950 430 1984 dulcia
454 1952 614 1986 nectario
634 1952 819 1995 promebat
845 1950 950 1984 ‘mella
975 1959 1104 1983 canore
1124 1948 1337 1998 prophetam
1359 1946 1542 1998 'celebrans

199 1997 347 2042 placido
378 1998 618 2033 modulamine
648 2000 776 2043 senem)
811 1996 875 2031 uix
908 1994 1176 2030 Damasianum
1210 1993 1369 2028 iudicari
1402 1993 1542 2037 potent

205 2048 252 2087 (u.
287 2043 370 2077 adn.
404 2045 441 2078 et
472 2056 566 2088 quae
599 2045 751 2089 exposui
783 2045 876 2078 Mus.
908 2043 1024 2078 Rhen.
1057 2042 1085 2076 L
1117 2054 1151 2086 p.
1181 2044 1258 2075 199.
1285 2042 1383 2084 203);
1422 2050 1540 2083 neque

204 2091 386 2125 Damasus
419 2090 457 2124 in
483 2091 589 2135 epist.
616 2092 666 2126 IX
699 2093 768 2137 (ed.
795 2091 994 2126 Merendae
1026 2102 1060 2134 p.
1083 2091 1164 2133 221)
1196 2088 1244 2123 ad
1274 2087 1540 2130 Hieronymum

206 2138 296 2171 data
322 2137 522 2181 scripturas
549 2150 671 2173 sacras
697 2141 842 2174 animae
859 2139 1033 2183 pabulum
1060 2136 1185 2171 dicens
1208 2146 1276 2180 quo
1295 2135 1417 2169 omnia
1436 2133 1542 2167 mella

205 2189 434 2229 superantur,
460 2184 563 2218 aliud
584 2186 770 2229 significat
789 2185 861 2220 nisi
881 2185 1085 2230 prophetae
1106 2183 1259 2218 uerbum
1279 2181 1349 2226 (Ps.
1367 2181 1540 2224 118‚103)

206 2244 312 2276 quam
337 2233 459 2267 dulcia
483 2233 650 2274 faucibus
674 2236 761 2269 meis
785 2234 925 2279 eloquia
949 2237 1026 2275 tua,
1051 2243 1158 2276 super
1180 2230 1247 2264 mel
1271 2229 1327 2263 ori
1350 2239 1435 2263 meo.

301 2281 335 2321 2)
360 2279 491 2323 Hagen
518 2278 718 2325 Cat-alogus
745 2280 914 2315 codicum
938 2278 1179 2314 Beruensium
1204 2288 1238 2321 p.
1260 2279 1338 2310 332.

301 2328 334 2369 3)
361 2325 526 2370 Catalog.
554 2326 647 2361 Bibl.
676 2328 783 2362 Vniu.
811 2327 926 2372 Lugd.
954 2326 1035 2360 Bat.
1064 2337 1120 2360 an.
1149 2328 1238 2358 1716
1264 2335 1299 2368 p.
1321 2325 1387 2357 382
1414 2334 1466 2356 nr.
1486 2324 1542 2356 69.
