1636 2593
179 103 234 144 74
612 101 1091 137 PSEVDODAMASIANA

443 223 463 252 5
508 210 695 265 Andrea,
730 210 889 252 Christi
921 211 1129 267 apostole,

505 281 586 323 hoc
618 282 710 336 ipso
742 281 827 322 iam
859 281 1068 324 uocabulo

508 353 700 407 decorus,
733 352 845 393 idem
876 353 1054 406 mystice

505 424 687 479 signaris
719 423 802 465 isto
835 421 1027 479 nomine}

512 545 638 585 quem
671 544 774 571 crux
806 529 859 571 ad
890 530 976 572 alta
1006 530 1222 586 prouehit,

420 614 461 644 10
507 616 611 642 crux
643 616 769 656 quem
801 600 925 642 beata
958 601 1116 657 diligit,

509 673 576 714 cui
609 687 712 713 crux
745 687 887 713 amara
917 675 1143 727 praeparat

504 743 611 784 lucis
643 743 810 784 futurae
843 743 1008 799 gaudia.

503 850 547 890 111
579 852 620 891 te
653 849 789 891 crucis
819 849 1072 904 mysterium

505 920 610 962 cluit
642 920 824 977 gemello
856 921 1072 976 sizigmate,

419 1003 458 1034 15
503 992 603 1033 dum
634 991 791 1046 probra
822 991 959 1033 uineis
990 1006 1065 1046 per
1097 1006 1263 1033 crucem

503 1063 722 1117 crucisque
754 1063 904 1117 pandis
935 1063 1198 1118 sanguinem.

507 1170 592 1210 iam
622 1184 700 1210 nos
732 1169 877 1210 foueto
909 1169 1134 1225 languidos

505 1254 735 1294 curamque
767 1240 903 1281 nostri
935 1240 1118 1295 suscipe,

504 1326 588 1366 quo
620 1326 696 1366 per
728 1311 863 1352 crucis
895 1311 1121 1352 uictoriam

415 1393 459 1424 ‘20
506 1383 610 1424 caeli
642 1385 837 1437 peiamus
868 1383 1063 1436 patriam.

265 1500 319 1534 De
344 1498 492 1544 hymnis
520 1510 720 1543 eorumque
746 1497 960 1533 recensione
987 1498 1026 1532 in
1044 1498 1279 1543 praefatione
1307 1498 1394 1534 dixi.
1440 1499 1520 1534 edi·

173 1548 307 1581 derunt
332 1548 481 1591 praeter
507 1546 601 1581 alios
627 1545 821 1580 Fabricius
849 1558 885 1590 p.
915 1549 997 1589 772,
1025 1545 1202 1580 Sarazani
1227 1558 1262 1580 n.
1288 1550 1327 1589 4,
1359 1545 1518 1581 Riuinus

170 1607 205 1629 11.
230 1599 259 1638 1,
286 1594 464 1629 Merenda
490 1606 524 1627 n.
546 1598 578 1638 8,
605 1593 739 1628 Daniel
760 1592 868 1627 Thes.
893 1592 1055 1637 hymnol.
1077 1593 1094 1626 Ι
1118 1604 1152 1637 p.
1175 1596 1195 1627 8
1221 1605 1255 1628 n.
1276 1592 1362 1627 Vm
1387 1592 1446 1638 (cf.
1468 1593 1521 1628 IV

171 1654 205 1686 p.
236 1646 311 1676 143.
340 1644 438 1686 363),
476 1641 586 1675 Mone
617 1640 697 1676 Lat.
726 1640 898 1684 Hymnen
925 1640 977 1674 III
1008 1651 1043 1684 p.
1071 1644 1132 1683 97,
1165 1639 1303 1675 Dreves
1334 1640 1518 1676 Analecssa

171 1689 346 1733 hymnica
372 1689 405 1722 H
429 1700 464 1733 p.
488 1692 530 1722 72
557 1700 591 1722 n.
613 1692 668 1722 91.
713 1687 757 1722 cf.
780 1686 976 1722 Chevalier
997 1687 1256 1731 Repertorium
1281 1687 1518 1733 hymnologi-

176 1748 257 1771 Cum
284 1736 300 1770 I
325 1738 445 1779 (1892)
470 1747 505 1770 n.
526 1739 628 1770 4312.
650 1738 752 1769 4313.
774 1738 877 1769 4503.
898 1738 990 1768 4599

268 1788 285 1817 1
313 1784 399 1819 deus
419 1783 443 1816 d
461 1782 519 1826 (cf.
537 1782 732 1817 Chevalier
749 1794 783 1816 n.
800 1783 917 1826 4503),
938 1782 1030 1817 diem
1048 1793 1086 1815 m
1105 1781 1315 1826 (Chevalier
1332 1794 1367 1817 n.
1383 1784 1489 1827 4599)
1509 1782 1514 1828 J

170 1832 325 1866 homimis
350 1842 397 1874 m,
423 1831 586 1865 muminis
604 1829 762 1864 Rfiuinus
788 1829 882 1864 coni.
903 1830 914 1873 Η
935 1833 954 1862 2
979 1840 1175 1873 ‘nomenque
1199 1831 1281 1865 uita
1307 1829 1348 1873 d,
1372 1841 1517 1865 ‘nomen-

171 1890 238 1924 que
256 1880 370 1913 uitam
392 1890 439 1920 m,
464 1879 648 1922 uitamque
677 1888 803 1911 women
824 1875 958 1910 Daniel
979 1876 1189 1920 (Chevalier
1210 1888 1244 1911 n.
1264 1878 1371 1922 4503)
1390 1878 1402 1922 ΙΙ
1421 1880 1441 1911 3
1466 1879 1518 1913 sic

173 1927 213 1970 d,
239 1927 323 1960 hine
348 1937 401 1969 m,
427 1926 485 1960 hic·
510 1924 576 1958 alii
599 1927 603 1969 Ι
621 1925 842 1969 praedicans
867 1923 962 1968 11114
988 1925 1092 1959 beata
1118 1935 1155 1957 m
1180 1926 1191 1968 Η
1216 1928 1236 1958 5
1263 1924 1432 1959 Andreas
1458 1924 1482 1958 d
1505 1925 1519 1971 Η

173 1978 192 2007 6
219 1974 282 2007 hoc
307 1974 382 2017 ipse
409 1972 449 2014 d,
482 1972 639 2006 fortasse
667 1973 784 2014 recte,
817 1970 906 2015 quia
933 1971 1045 2005 ceteri
1071 1971 1185 2015 pedes
1218 1970 1296 2006 sine
1325 1970 1396 2006 tali
1421 1971 1515 2006 uitio

172 2030 309 2063 omnes,
335 2021 414 2064 ipso
438 2020 539 2054 hoece
559 2018 716 2053 Riuinus
737 2020 813 2062 (hoe
831 2019 963 2063 quippe
987 2018 1089 2053 idem
1114 2018 1274 2053 coniecit
1301 2017 1342 2052 111
1365 2018 1479 2063 notis)

173 2071 203 2102 7.
219 2071 239 2101 8
266 2068 514 2111 transponunt
540 2066 701 2100 editores
721 2065 874 2100 Damasi
893 2067 904 2110 ΙΙ
925 2070 944 2099 9
970 2067 1015 2100 ab
1041 2067 1118 2100 alta
1137 2078 1173 2099 m
1196 2066 1200 2111 Ι
1219 2066 1373 2110 prouehi
1395 2070 1437 2100 ut
1463 2065 1486 2099 d

175 2118 312 2149 10—12
338 2115 399 2149 cui
423 2125 514 2148 erum
539 2118 661 2148 antam
683 2118 883 2158 praeparat
911 2114 1002 2148 lucis
1025 2114 1173 2156 futurae
1197 2113 1336 2158 yaudia
1359 2113 1517 2158 simeram

175 2162 314 2196 Cho-ista?
338 2162 487 2196 {mitam
512 2173 549 2194 111
579 2162 590 2204 Η
624 2165 663 2194 11
692 2165 791 2195 amat
817 2160 840 2193 d
871 2161 882 2205 M
917 2163 1051 2195 13—16
1079 2171 1148 2194 om.
1171 2159 1194 2193 d
1225 2161 1236 2204 ΙΙ
1269 2163 1311 2193 13
1337 2161 1454 2195 erucis
1478 2172 1515 2194 m

172 2209 316 2243 Fabrie.
343 2207 476 2242 Daniel
510 2207 666 2251 aliique,
699 2208 811 2242 creuit
838 2207 1014 2241 Sarazani
1047 2209 1085 2242 et
1109 2206 1286 2241 Merenda
1317 2208 1328 2250 ΙΙ
1361 2210 1402 2241 15
1430 2208 1518 2242 dum

172 2267 241 2290 om.
270 2268 322 2300 m,
354 2261 386 2291 et
417 2255 525 2289 Mone
551 2257 562 2299 ΙΙ
590 2259 631 2289 16
662 2256 819 2299 lucisque
846 2256 984 2299 pandis
1014 2256 1166 2289 ‘immam
1197 2253 1354 2288 Riuinus
1384 2254 1478 2289 coni.
1509 2255 1512 2297 Ι

167 2305 298 2348 pendis
323 2315 360 2337 m
378 2305 390 2348 ΙΙ
412 2307 452 2337 17
478 2303 601 2346 faveto
624 2314 660 2335 m
679 2304 690 2345 n
712 2306 754 2335 18
780 2303 882 2337 vobis
900 2303 1033 2337 subiice
1055 2301 1211 2336 Riuinus
1237 2300 1330 2335 coni.
1351 2302 1362 2345 ΙΙ
1385 2304 1426 2335 19
1453 2302 1518 2346 qui

167 2362 234 2396 per
254 2351 376 2385 Sal-az,
392 2350 569 2384 Merenda
592 2349 595 2394 Ι
619 2351 822 2394 mysterium
845 2352 924 2393 (pro
944 2350 1150 2393 uictoriam)
1171 2348 1194 2382 d
1213 2350 1224 2393 ΙΙ
1244 2351 1288 2382 20
1313 2350 1399 2392 post
1418 2348 1517 2383 huno
