1636 2593
459 105 643 140 DAMASI
666 105 1022 140 EPIGRAMMATA
1347 106 1373 144 4
1384 107 1398 145 l

167 211 431 255 Fragmentum
455 221 700 244 marmoreum
729 210 863 245 litteris
889 211 1051 255 pulchris
1078 210 1312 245 Damasianis
1344 222 1403 245 ex-

73 260 219 292 aratum
249 257 288 291 in
313 268 443 301 campo
468 257 614 292 Verano
641 257 812 291 effossum
838 260 909 302 est,
941 258 1005 292 ubi
1038 261 1206 292 seruatur
1236 258 1275 291 in
1300 268 1404 302 repo-

74 305 166 340 sitis.
204 304 404 349 recognoui
422 305 459 338 et
474 304 660 338 delineaui
682 304 880 348 diligenter
899 308 945 348 (u,
966 305 1043 339 tab.
1064 317 1097 339 n.
1112 305 1168 349 Π).
1208 304 1406 339 ediderunt

74 351 178 386 Gratti
192 351 339 386 Notizie
360 350 460 396 degli
481 351 582 385 soavi
598 355 687 385 1889
701 363 735 395 p.
752 355 818 385 274
839 354 876 388 et
890 351 1093 386 Bullettino
1110 352 1208 386 della
1222 351 1402 386 commiss

73 398 231 433 archeol.
260 401 350 432 1889
375 410 410 442 p.
437 401 505 431 442
538 398 637 442 (inde
662 398 787 432 Roem.
810 398 1097 440 Quartalschrift
1116 399 1165 433 IV
1187 402 1275 432 1890
1295 411 1328 442 p.
1350 402 1404 442 76,

73 444 267 480 Armellini
285 444 531 479 Cronachetta
556 445 745 480 mensuale
775 449 862 479 1889
888 458 921 489 p.
945 447 1036 489 180),
1061 445 1168 479 Rossi
1188 445 1283 479 Bull.
1305 445 1403 479 crist.

77 496 165 527 1890
179 504 213 537 p.
227 496 246 526 8
268 492 367 535 (inde
385 492 511 526 Roein.
526 492 814 533 Quartalschrift
827 493 877 526 IV
890 495 1025 536 p.287)‚
1039 492 1241 526 Buecheler
1254 491 1403 526 Anthol.

76 551 94 574 e
124 539 135 573 i
164 551 190 574 r.
217 551 251 573 n.
274 543 341 573 309

97 552 121 584 p
138 551 185 620 g1
213 588 298 630 post
317 586 522 620 VESTITA
547 585 586 619 in
612 585 779 629 exemplo
801 585 919 619 Gattii
944 586 1053 619 hasta
1073 585 1234 619 cernitur
1252 596 1406 629 perpen-

76 633 263 677 dicularis,
291 633 394 667 cuius
420 633 622 677 uestigium
646 635 757 666 tenue
784 643 821 666 re
848 643 935 666 uera
962 633 1077 675 adest⁷
1104 635 1145 666 ut
1170 632 1406 666 abiciendum

75 681 123 715 sit
147 680 271 715 Rossii
298 679 595 724 supplementum
619 681 720 714 uides
744 680 829 714 haec
853 681 950 714 atria
975 684 1110 713 sancta.
1156 678 1287 713 melius
1314 679 1406 712 Bue-

74 727 211 762 cheleri
242 729 349 762 ‘nouis
378 728 588 762 ueneranda
617 727 796 771 sepulcra,
830 726 987 770 cogitari
1018 728 1173 770 possunt
1198 726 1273 760 alia
1304 725 1407 760 uelut

74 776 199 810 domus
219 776 288 819 pia
312 776 468 809 membra
491 778 643 809 retentat
668 773 774 817 (conl,
799 776 867 817 44).
918 773 962 807 cf.
989 773 1111 806 locum
1136 784 1154 807 e
1180 772 1301 807 libelli
1326 783 1407 817 pre-

74 833 157 856 cum
183 833 211 856 c.
234 826 277 855 35
305 833 416 866 supra
440 821 480 855 in
498 820 722 855 testimoniis
743 820 1007 864 transcriptum
1105 824 1123 853 2
1149 820 1259 853 hasta
1278 819 1317 853 in
1336 820 1407 853 fine

73 869 248 914 pinguior
284 880 358 903 non
396 868 597 902 admittens
635 868 780 902 litteras
813 867 845 901 N
876 870 913 901 et
938 867 984 901 M.
1036 868 1177 901 decorat
1209 866 1408 911 Christique

74 927 207 951 corona
233 915 422 960 suppleuit
447 915 659 950 Buecheler.
711 915 755 949 de
781 914 940 948 formula
966 916 1175 948 intemerata
1206 914 1291 956 fides
1321 913 1407 946 uide

75 964 200 998 adnot.
230 967 259 1007 7,
277 968 295 996 2
387 966 407 996 3
428 963 620 1008 iustoffium
640 963 787 996 nomime
802 961 950 1006 pandit]
969 960 1130 1003 Hessius⁷
1152 962 1244 995 ‘iusto
1265 961 1407 1005 [distm-

73 1015 157 1056 9uet
171 1010 316 1055 honore]
337 1009 540 1044 Buecheler
623 1013 645 1043 4
672 1010 815 1055 [diuino
836 1010 968 1043 Iu‘mniuc
987 1008 1091 1053 caeli]
1111 1007 1220 1041 idem.
1267 1006 1409 1041 deside-

75 1059 178 1091 ratur
209 1057 248 1090 in
281 1056 547 1101 supplementis
578 1067 711 1091 nomen
737 1055 898 1090 Damasi.
950 1057 1070 1089 omum
1098 1056 1208 1099 plena
1233 1054 1409 1098 quodam—

74 1105 184 1138 modo
204 1103 410 1148 Vergilium
443 1104 559 1148 olent,
593 1105 681 1138 Aen.
709 1103 724 1137 Ι
751 1106 817 1137 583
851 1103 971 1137 omouu
1004 1107 1081 1136 tuta
1112 1103 1228 1144 uides,
1261 1101 1304 1135 cf.
1332 1100 1407 1134 Ecl.

74 1152 125 1185 III
146 1156 200 1196 60,
229 1150 359 1196 Georg.
386 1151 420 1185 Π
440 1155 461 1184 4
487 1154 611 1195 <supra
639 1150 706 1184 33*
732 1151 853 1185 ουιφιία
879 1161 1033 1193 quaeque
1058 1149 1171 1192 mdes)

537 1354 817 1531 ppt

684 1605 926 1705 Me

641 1683 1033 1987 &LA

174 2056 437 2100 Fragmentum
474 2052 610 2087 litteris
642 2051 908 2086 Philocalianis
946 2062 1019 2094 rep.
1059 2050 1098 2083 in
1136 2061 1224 2095 agro
1256 2050 1413 2092 Vei-ano,

79 2104 184 2137 extat
208 2103 247 2136 in
272 2113 398 2136 museo
425 2099 666 2134 Lateranensi
693 2099 789 2133 inter
815 2098 938 2143 elogia
963 2099 1167 2141 martyrum
1187 2096 1413 2131 Damasiana

79 2149 199 2194 (class.
220 2149 272 2184 ΙΙΙ
293 2150 336 2194 7),
357 2148 421 2182 ubi
444 2147 631 2191 descripsi.
670 2146 778 2180 Rossi
799 2145 893 2180 Bull.
915 2145 1013 2179 crist.
1037 2148 1125 2178 1864
1146 2156 1179 2188 p.
1197 2148 1250 2178 44.
1267 2147 1309 2177 47
1330 2155 1363 2177 n.
1380 2147 1412 2186 5,

79 2197 172 2231 Mus.
193 2196 358 2231 Pio-Lat.
380 2195 456 2230 tab.
477 2195 529 2228 ΙΠ
551 2198 568 2228 7
597 2196 655 2238 (=
682 2192 865 2227 ThRoller
884 2193 952 2226 Les
973 2192 1206 2226 catacombes
1234 2191 1277 2224 de
1297 2190 1412 2223 Rome

80 2243 113 2277 II
138 2244 214 2278 tab.
235 2243 315 2278 LXI
340 2255 374 2277 n.
398 2245 430 2287 7)
1383 2282 1389 2287 ·

176 2295 193 2324 1
226 2291 378 2335 suppleoe
403 2300 491 2333 uox,
525 2298 598 2331 qua
623 2285 782 2321 maxime
809 2286 1016 2321 delectatur
1040 2286 1151 2329 poeta
1175 2285 1310 2318 noster.
1361 2294 1414 2316 sic

78 2341 124 2371 32
155 2338 241 2372 haec
271 2338 457 2372 Damasus
489 2335 648 2370 cumulat
678 2335 830 2378 suppleat
862 2334 997 2368 altaria
1029 2333 1148 2373 doni&
1186 2335 1231 2365 44
1267 2331 1414 2365 ornauit
