1636 2593
594 81 888 117 TESTIMONIA
1260 85 1412 120 XXXIX

76 201 148 228 sus
163 186 197 242 ¹)
239 189 280 227 et
318 201 403 227 non
440 189 536 240 post
573 188 755 229 multum
796 191 997 244 temporis
1030 191 1301 232 interuallum
1334 192 1412 233 Vr-

77 246 193 286 sinus
231 260 254 285 a
292 245 545 299 quibusdam
586 247 805 301 episcopus
837 249 1092 290 constitutus
1125 249 1361 292 Sicininum
1378 250 1411 307 2)

78 319 174 345 cum
204 304 291 344 suis
322 304 497 344 inuadit
539 319 622 358 quo
655 305 929 347 Damasianae
961 308 1094 361 partis
1126 309 1282 363 populo
1317 323 1412 350 con-

76 363 232 404 fluente
270 362 581 404 crudelissimae
620 364 932 406 interfectiones
972 366 1127 407 diuersi
1168 382 1290 408 sexus
1322 382 1413 422 per-

75 423 275 476 petratae.

164 538 411 592 Hieronymi
439 540 568 592 praef.
600 540 646 580 in
676 543 864 592 quattuor
895 555 1035 595 ezmny.
1068 541 1124 595 (a.
1157 543 1260 596 383)
1310 542 1412 583 Bea-

76 598 241 639 tissimo
279 612 411 652 papae
444 597 627 639 Damaso
660 597 957 652 Hieronymus.
1018 615 1176 641 nouum
1216 615 1320 655 opus
1352 601 1411 641 fa-

74 671 167 697 cele
198 671 265 697 me
298 656 414 712 cogis
447 671 497 697 ex
528 657 674 711 ueteri,
706 660 754 697 ut
784 660 881 711 post
907 659 1160 712 exemplaria
1187 660 1413 713 scriptura-

74 731 170 756 rum
209 717 299 756 toto
339 715 439 756 orbe
478 715 664 769 dispersa
702 721 821 769 quasi
854 717 1025 770 quidam
1057 717 1214 758 arbiter
1245 718 1412 760 sedeam

75 777 117 815 et
162 774 261 828 quia
304 775 414 815 inter
457 789 500 815 se
543 774 730 828 uariant,
775 790 880 828 quae
924 776 1008 816 sint
1052 776 1124 816 illa
1169 791 1273 830 quae
1318 791 1414 818 cum

77 832 235 874 Graeca
266 833 532 874 consentiant
561 833 752 886 ueritate,
786 833 1014 874 decernam.
1057 835 1151 888 pius
1177 835 1308 888 labor,
1341 835 1413 876 sed

74 892 310 946 periculosa
341 892 647 946 praesumptio,
686 892 869 933 iudicare
902 892 950 933 de
983 893 1148 947 ceteris,
1188 893 1326 947 ipsum
1359 893 1411 934 ab

74 951 273 992 omnibus
310 951 599 1005 iudicandum,
643 951 753 991 senis
790 954 954 992 mutare
992 952 1182 1006 linguam
1220 954 1261 992 et
1293 966 1412 993 cane-

73 1012 259 1051 scentem
290 1010 374 1050 iam
407 1009 611 1050 mundum
644 1010 695 1050 ad
726 1010 848 1050 initia
879 1010 1092 1051 retrahere
1123 1011 1410 1064 paruulorum.

74 1069 169 1123 quis
201 1068 313 1109 enim
346 1069 493 1109 doctus
524 1069 683 1122 pariter
714 1068 783 1109 uel
815 1068 1027 1123 indoctus,
1059 1083 1154 1110 cum
1186 1070 1229 1109 in
1261 1084 1409 1110 manus

73 1128 275 1168 uolumen
306 1127 587 1181 adsumpserit
618 1130 660 1168 et
688 1142 712 1167 a
743 1127 876 1168 saliua
909 1143 1034 1181 quam
1066 1128 1195 1168 semel
1226 1128 1409 1181 imbibit,

72 1186 229 1227 uiderit
267 1186 502 1240 discrepare
541 1186 654 1240 quod
690 1186 870 1239 lectitat,
911 1201 996 1227 non
1034 1186 1178 1227 statim
1217 1190 1410 1240 erumpat

75 1246 120 1286 in
157 1259 305 1286 uocem
343 1259 409 1286 me
447 1245 682 1299 falsarium,
714 1259 781 1285 me
813 1245 997 1285 clamans
1030 1259 1116 1285 esse
1148 1245 1413 1300 sacrilegum,

76 1304 149 1358 qui
182 1303 356 1344 audeam
389 1303 550 1357 aliquid
588 1304 632 1344 in
668 1303 883 1344 ueteribus
914 1303 1035 1344 libris
1067 1303 1216 1344 addere
1248 1306 1412 1344 mutare

76 1363 315 1418 corrigere?
377 1363 576 1403 aduersus
609 1377 735 1416 quam
768 1362 972 1403 inuidiam
1005 1362 1159 1416 duplex
1191 1377 1314 1403 causa
1345 1377 1411 1404 me

74 1422 335 1462 consolatur:
369 1421 482 1475 quod
514 1424 555 1462 et
587 1424 645 1475 tu,
678 1421 751 1475 qui
783 1435 972 1461 summus
1004 1421 1195 1461 sacerdos
1228 1435 1287 1475 es,
1319 1421 1412 1462 fieri

74 1480 206 1534 iubes,
239 1482 280 1521 ct
311 1494 459 1520 uerum
491 1494 575 1520 non
609 1494 695 1520 esse
723 1480 836 1533 quod
860 1480 1008 1533 uariat,
1041 1480 1166 1520 etiam
1192 1480 1414 1521 maledico·

74 1554 170 1580 rum
202 1539 446 1580 testimonio
479 1538 781 1592 comprobatur
812 1553 884 1592 eqs
889 1572 1074 1579 .......
1095 1538 1276 1590 explicit:
1310 1541 1410 1592 opto

73 1601 122 1639 ut
159 1598 203 1638 in
237 1596 405 1639 Christo
443 1598 584 1638 ualeas
623 1599 664 1638 et
702 1598 784 1638 mei
822 1597 1081 1651 memineris,
1120 1612 1229 1651 papa
1260 1597 1412 1638 beatis—

72 1657 189 1698 sime.
202 1655 234 1713 3)

161 1775 407 1828 Hieronymi
437 1775 714 1827 ‘e‘ntezpretatio
746 1774 841 1815 libri
873 1773 1047 1827 Didyma·
1078 1774 1125 1814 de
1143 1774 1240 1825 spir.
1261 1776 1410 1814 sancto.

66 1835 199 1886 praef.
269 1848 364 1874 cum
415 1834 457 1873 in
507 1833 724 1887 Babylone
736 1831 771 1887 4)
823 1846 1013 1873 uersarer
1063 1834 1104 1872 et
1152 1835 1409 1885 purpuratae

73 1892 307 1933 meretricis
351 1906 483 1933 essem
528 1892 701 1933 colonus
745 1894 786 1932 et
830 1891 919 1931 iure
958 1890 1171 1939 Quiritum
1209 1891 1409 1943 uiuerem,

72 1951 192 1992 uolui
235 1951 397 2006 garrire
441 1951 602 2004 aliquid
647 1951 695 1991 de
740 1950 892 2004 spiritu
936 1951 1079 1990 sancto
1128 1952 1169 1989 et
1213 1952 1408 2003 coeptum

73 2010 325 2064 opusculum
364 2009 549 2050 eiusdem
581 2009 699 2050 urbis
730 2008 923 2063 pontifici
955 2007 1136 2048 dedicari
1158 2041 1311 2048 ......
1333 2008 1407 2047 ita-

170 2127 203 2169 l)
228 2124 319 2159 item
356 2125 394 2158 in
431 2124 601 2168 Prosperi
639 2124 762 2158 chron.
802 2123 946 2167 (Chron.
986 2122 1114 2157 minor.
1148 2123 1163 2155 Ι
1193 2134 1226 2166 p.
1249 2126 1315 2156 458
1350 2121 1407 2156 ed.

73 2172 303 2216 Mommsen).

167 2221 202 2263 2)
228 2218 272 2253 cf.
300 2219 418 2252 Amm.
446 2217 655 2252 Marcellini
680 2217 816 2252 testim.
844 2230 878 2262 p.
906 2217 1012 2250 XLII.

167 2267 202 2309 3)
226 2266 330 2299 Rade
356 2277 390 2309 p.
415 2269 491 2300 145.
543 2264 813 2298 Bardenhewer
844 2263 1057 2307 Patrologie
1083 2275 1116 2307 p.
1138 2265 1214 2296 430.
1242 2265 1309 2295 440
1324 2273 1406 2305 sqq.

167 2315 202 2357 4)
228 2312 250 2346 i.
272 2323 302 2347 e.
329 2312 485 2356 Romae,
513 2323 543 2346 a.
572 2314 767 2345 382—385.
