1636 2593
150 106 204 147 10
537 103 721 138 DAMASI
744 102 1101 138 EPIGRAMMATA

149 213 258 248 aliter
277 223 343 246 nec
364 211 457 245 bene
472 209 628 244 Riuinus
649 220 725 243 rem
745 209 935 254 expediuit
957 209 1028 243 duo
1044 208 1205 243 disticha
1220 208 1369 244 subesse
1383 210 1487 243 ratus

149 261 201 295 ita
228 260 302 294 fere
329 257 560 293 restituenda

314 330 389 352 una
417 318 518 352 Petri
542 316 653 358 sedes,
680 327 793 350 omnm
818 327 1010 360 uerumque
1037 316 1239 358 Iauacrum,

383 366 434 400 sic
454 367 662 409 praestante
688 363 794 398 Petro
819 364 969 397 uincula
995 373 1069 397 ozon
1094 367 1219 398 teneat.

243 425 302 458 Ad
328 424 486 458 eundem
508 422 662 456 ‘fontem
682 423 839 456 sacrum’
867 421 924 465 (cf.
948 421 1069 455 Siricii
1090 421 1252 466 elogium
1271 420 1368 456 infra
1387 433 1421 456 n.
1443 424 1488 455 93

150 485 182 507 u.
210 476 230 506 2
246 483 298 516 sq.
321 476 404 516 post
429 471 634 505 Damasum
665 471 786 504 clarus
817 474 905 504 totos
932 480 1017 513 qnos
1041 470 1138 505 uincit
1162 470 1202 503 *in
1228 480 1359 512 annos,
1390 470 1489 512 fonte

149 531 249 555 sacro
278 530 428 564 mctynzts
452 518 583 552 meruit
608 518 724 551 sedere
748 518 923 560 sacerdos)
955 515 1088 550 titulus
1115 517 1260 560 spectat
1286 515 1324 549 in
1349 515 1489 560 cryptis

152 566 346 601 Vaticanis
372 567 539 610 repertus
567 566 604 598 et
629 576 650 598 a
676 563 807 598 Rossio
834 564 888 598 ita
915 562 1106 607 suppletus

267 625 525 670 Lonyz'm'mms
549 635 584 658 u.
612 635 638 658 c.
661 624 779 667 praef.
806 623 935 667 urb.]et
961 623 1161 656 Anastasia
1186 634 1214 657 c.
1234 623 1260 666 f.
1288 623 1364 657 eius

268 674 316 707 acl
341 672 544 718 augendum
569 670 976 716 splendorem]basilicae
1002 670 1155 713 apostoli
1181 670 1282 705 Petri

402 719 654 763 pauimentmn
674 717 928 762 parietes]r'tem
955 717 1088 751 coelum

267 767 363 800 sacri
386 767 514 809 fontis,
540 776 641 810 quem
666 765 803 799 dudum
827 764 1029 809 DaJmasus
1052 765 1109 798 vio·
1133 768 1279 798 semotus
1304 764 1345 798 in

267 825 309 848 ea
336 842 341 847 .
365 842 371 848 .
395 842 399 847 .
424 842 429 847 .
457 813 652 854 exsto-amit,
677 812 838 857 sumpspo
860 812 1008 855 proprio
1035 810 1267 856 marmoran

408 861 505 895 cultu
531 864 563 894 et
587 860 728 894 muse'uo
753 859 1090 903 operessecorcwnnt

153 920 251 955 Sarti
277 922 315 954 et
341 918 479 954 Settele
505 918 528 952 l.
551 929 569 952 c
606 931 640 963 p.
662 922 702 951 91
730 917 805 951 tab.
827 917 991 959 XXXIII,
1019 916 1125 950 Rossi
1152 916 1247 951 Bull.
1275 916 1373 950 crist.
1403 919 1492 950 1877

150 980 184 1012 p.
207 971 227 1001 8
254 969 290 1001 et
317 967 409 1001 Mus.
436 966 601 1000 Pio-Lat.
628 978 662 1009 p.
691 970 754 1007 25,
788 964 918 998 Kirsch
945 963 967 997 l.
990 975 1018 998 c.
1045 976 1079 1008 p.
1103 967 1178 998 120.
1231 963 1396 998 eiusdem
1421 962 1500 997 uiri

152 1013 351 1049 clarissimi
371 1013 601 1058 epigramma.
624 1013 671 1046 ad
692 1013 811 1045 sontes
833 1011 1012 1045 basilicae
1039 1022 1065 1044 s.
1086 1010 1308 1045 Anastasiae
1335 1010 1493 1044 incisum

152 1062 249 1096 infra
275 1061 389 1095 habes
416 1073 450 1095 n.
475 1064 550 1094 105.
602 1059 703 1093 aliud
726 1070 873 1092 carmen
899 1058 1118 1102 inscriptum
1139 1057 1202 1092 ‘ad
1222 1057 1357 1092 fontes’
1381 1057 1491 1102 (infra

150 1122 184 1143 n,
215 1111 271 1153 72)
302 1120 390 1142 num
425 1108 473 1142 ad
504 1107 624 1141 fontes
651 1106 830 1140 basilicae
857 1105 1063 1139 Vaticanae
1089 1105 1291 1149 pertineat,
1324 1104 1364 1138 id
1393 1105 1492 1149 quod.

151 1156 350 1200 opinantur
370 1154 522 1189 Rossius
544 1157 579 1188 et
599 1154 725 1187 Grisur
746 1152 973 1197 (Zeitschrift
992 1152 1016 1187 f⁴
1031 1151 1172 1186 kathol.
1189 1152 1391 1197 Theologie
1405 1151 1492 1186 XIII

153 1207 241 1238 1889
268 1215 300 1248 p.
325 1205 415 1247 115),
443 1201 531 1236 licet
559 1201 725 1235 dubitari

793 1307 851 1349 (3ss

243 1439 250 1445 .
285 1439 290 1445 .
326 1438 332 1445 .
367 1440 372 1445 .
405 1403 628 1458 Fa]ustino
661 1402 841 1443 Viatrici
875 1436 882 1442 .
917 1436 923 1442 .
957 1436 964 1443 .
999 1436 1006 1443 .

245 1497 469 1541 Fragmenta
502 1496 573 1529 duo
607 1494 773 1539 epistylii
803 1505 941 1539 paruae
974 1493 1153 1528 basilicae
1184 1504 1258 1537 rep.
1286 1492 1326 1526 in
1351 1502 1493 1526 coeme-

150 1544 245 1579 terio
272 1543 479 1578 Generosae
506 1543 567 1577 uia
594 1541 789 1576 Portuensi
816 1552 929 1586 prope
955 1541 1078 1575 lucum
1103 1540 1260 1575 fratrum
1286 1538 1490 1573 Arualium.

154 1603 172 1626 e
199 1591 410 1625 litterarum
427 1590 547 1624 forma
566 1589 826 1623 Philocaliana
852 1588 1048 1622 basilicam
1074 1588 1120 1621 ab
1147 1587 1227 1632 ipso
1254 1585 1428 1631 pontifice
1454 1585 1494 1620 in

152 1639 329 1673 honorem
351 1636 544 1682 Simplicii,
570 1636 750 1679 Faustini,
771 1635 947 1669 Viatricis
968 1638 1055 1677 (non
1074 1635 1269 1677 Beatricz‘s)
1289 1634 1494 1677 martyrum

152 1686 316 1730 (Mai-tyr.
338 1684 486 1719 Hieron.
509 1684 559 1717 IV
573 1683 654 1717 Kal.
670 1684 778 1727 Aug.)
799 1684 1049 1717 constructam
1068 1693 1148 1717 esse
1168 1680 1339 1716 concludi
1358 1681 1493 1725 potest,

152 1735 194 1767 ut
213 1735 311 1767 recte
332 1731 483 1766 Rossius
505 1730 733 1775 suppleuerit
752 1731 888 1765 semotis
907 1729 998 1773 (siue
1019 1730 1143 1773 beatis)
1163 1729 1384 1774 martyribus
1401 1727 1492 1762 Sim-

148 1781 260 1825 plinio
276 1780 456 1814 Faustino
477 1779 640 1821 Vz'atriczf,
667 1777 761 1812 Bull.
783 1777 881 1812 crist.
905 1781 994 1811 1869
1013 1789 1047 1821 p.
1071 1780 1171 1820 1—9‚
1199 1776 1316 1810 Roma
1342 1776 1426 1809 sott.
1442 1774 1494 1808 ΠΙ

151 1840 186 1872 p.
214 1831 278 1862 651
297 1838 374 1870 sqq.
402 1838 430 1861 c*
452 1826 527 1860 tab.
549 1825 622 1859 LII.
668 1826 841 1868 quartum
861 1835 994 1858 nomen
1013 1823 1201 1858 Rufiniani
1221 1821 1395 1866 martyris
1416 1820 1493 1866 epi-

153 1874 264 1918 stylio
285 1873 504 1918 inscriptum
523 1871 636 1906 fuisse
657 1871 756 1906 idem
775 1871 1021 1916 probabiliter
1040 1870 1199 1906 coniecit
1219 1869 1377 1904 conlatis
1397 1879 1493 1903 mar-

152 1924 275 1966 tyrum
301 1923 477 1965 quattuor
505 1919 749 1964 imaginibus,
783 1918 915 1962 quibus
948 1918 1098 1953 nomina
1130 1917 1281 1963 adpicta
1314 1917 1416 1960 sunt,
1454 1915 1494 1950 in

153 1971 282 2014 crypta
308 1966 522 2003 coemeterii
548 1967 663 2011 (Rom.
685 1968 769 2001 sott.
790 1966 841 2000 III
867 1966 943 2000 tab.
964 1966 1023 2010 LI)

815 2099 837 2110 ,-

823 2112 831 2138 4

243 2192 277 2234 Ο
311 2193 440 2234 semel
471 2195 597 2246 atque
630 2192 783 2232 iterum
814 2205 914 2232 uero
949 2191 997 2232 de
1028 2190 1198 2231 nomine
1229 2188 1366 2242 Felix,

244 2264 317 2318 qui
350 2263 599 2304 intemerata
630 2262 712 2303 fide
745 2263 987 2315 contempto
1019 2259 1208 2315 principe
1240 2258 1387 2299 mundi

244 2333 459 2375 confessus
493 2332 709 2374 Christum
741 2331 955 2385 caelest]ia
987 2330 1135 2386 re[gna
1166 2328 1323 2383 petisti.
