1636 2593
480 88 663 123 DAMASI
688 88 1043 124 EPIGRAMMATA
1371 91 1424 131 37

93 195 173 237 179)
204 193 326 227 medio
356 204 448 227 aeuo
480 193 664 228 translata
696 195 743 228 ad
775 195 903 229 aedem
929 207 955 230 s.
983 195 1135 230 Martini
1166 196 1204 230 in
1236 196 1425 230 Montibus

93 251 202 285 saepe
230 239 415 284 descripta
442 242 514 284 est3
540 240 652 285 periit
678 241 824 275 saeculo
851 242 1053 286 superiore,
1086 254 1168 277 eum
1194 243 1296 277 aedis
1322 243 1427 287 paui-

91 289 257 322 mentum
277 289 526 321 renouaretur.
567 298 586 322 e
607 287 759 332 syllogis
780 288 843 322 TL
864 289 992 323 Sabini
1013 289 1132 324 edidit
1150 290 1258 324 Rossi
1277 289 1375 324 IChr.
1395 291 1428 324 Π

90 346 125 379 p.
147 338 202 378 64,
219 338 261 368 13
286 346 320 378 p.
344 337 421 377 107,
437 338 479 368 52
505 347 540 379 p.
555 337 635 378 437,
652 338 729 369 120.
774 335 913 369 contuli
932 339 1124 380 praeterea
1144 337 1222 371 cod.
1242 336 1426 371 Vallieell.

92 381 175 416 &28
202 383 249 425 (p.
276 383 352 424 37),
384 381 423 414 in
449 392 521 424 quo
547 381 674 415 insunt
698 381 956 426 inscriptiones
983 383 1158 427 antiquae
1190 384 1428 418 ecclesiarum

91 429 231 462 Romae
246 428 347 462 urbis
363 428 553 463 conlectae
572 440 594 462 a
609 428 738 463 Carolo
754 429 798 463 de
814 430 940 473 Seeua,
954 430 1114 465 Antonio
1129 430 1249 474 Bosio,
1264 431 1427 465 Iohanne

93 475 288 509 Seuerano.
336 474 438 509 Grut.
463 479 564 519 1162,
586 479 604 508 9
627 475 699 517 (cui
719 476 822 510 misit
841 476 1075 521 Cittadinus),
1096 477 1275 511 Bai-onius
1295 489 1326 511 a.
1348 481 1427 521 384,

92 521 269 556 Sarazani
301 534 336 556 n.
366 526 426 566 14,
459 522 615 556 Riuinus
640 535 674 556 n.
704 527 746 556 12
771 524 934 567 pendens
966 535 987 558 a
1014 523 1168 558 Grutero
1196 526 1232 558 et
1257 524 1428 569 Bai-onio,

91 569 270 603 Merenda
295 581 329 603 n.
354 573 395 603 19
422 569 480 613 (cf.
508 569 596 604 edit.
622 582 656 614 p.
680 572 771 615 142),
796 570 873 604 Mai
899 570 1028 615 Script.
1055 573 1127 605 uet.
1150 571 1180 605 V
1205 583 1239 615 p.
1261 574 1339 615 382,
1360 576 1381 604 4

185 620 204 650 2
236 616 433 662 ΟΦῃοηῑίῑοηι
459 617 486 650 L
522 619 525 660 Ι
560 617 637 662 qui]
664 629 732 661 per
756 617 784 650 T
816 619 827 661 il
859 621 878 650 3
904 618 971 652 huc
1001 618 1156 651 Riuinus
1191 621 1195 662 1
1231 619 1429 663 quicmeque

90 662 120 696 T
134 664 183 744 ket
209 663 288 715 cod.
310 663 406 744 gall.
445 665 456 707 Η
493 667 514 696 4
541 665 667 699 ueniat
692 664 719 697 L
749 664 752 709 Ι
781 665 902 699 beatus
928 664 954 697 L
986 666 997 709 Η
1028 669 1047 699 6
1075 676 1142 699 om.
1169 665 1213 708 L,
1245 666 1429 699 Damasus

91 721 132 744 su
162 720 227 744 scr.
255 722 294 744 in

187 757 245 790 Ad
271 769 304 792 u.
336 762 352 791 1
387 757 431 791 cf.
459 761 504 791 44
535 759 707 803 martyris
738 759 794 792 hcc
826 758 958 792 Mauri
988 759 1147 793 tumulus
1173 761 1240 802 pia
1276 760 1428 793 membra

89 809 260 847 retentat,
291 808 335 838 49
369 809 523 839 eaetremo
553 806 714 839 tumulus
745 806 852 839 latuit
883 806 946 839 sub
977 817 1101 850 ayyere
1131 807 1269 840 montis.
1318 805 1428 850 Verg.

90 851 180 885 Aen.
208 851 241 885 V
268 854 311 885 35
345 863 388 886 eoe
420 853 507 886 celso
537 853 669 886 uertice
700 853 846 894 montis,
877 851 945 885 VH
971 855 1038 885 674
1063 854 1192 886 uertice
1222 854 1351 887 montis
1384 853 1428 886 ab

90 899 176 941 alto,
203 898 253 932 XI
274 902 341 933 526
368 910 571 943 summoque
596 900 637 933 in
655 900 787 933 uertice
805 900 945 941 montis,
972 898 1109 932 similes
1129 898 1307 933 formulae
1331 899 1429 942 apud

92 945 280 980 Catullum
307 945 482 979 Ouidium
508 945 640 980 Silium
664 945 879 980 Petronium
904 947 985 990 (sat.
1010 949 1075 979 122
1101 957 1134 980 u.
1158 947 1237 989 153)
1263 945 1429 988 aliosque

186 996 205 1026 2
234 991 443 1036 Gorgonius
469 1004 544 1027 non
569 992 644 1036 ille,
672 993 774 1026 cuius
801 992 1018 1037 martyrium
1044 992 1166 1037 tangit
1188 993 1320 1026 Euseb.
1341 992 1427 1026 hist.

91 1038 177 1073 eccl.
199 1039 284 1073 VIII
304 1044 334 1074 6.
379 1051 413 1074 n.
436 1040 519 1074 adn.
543 1044 596 1083 12,
619 1044 638 1073 5
713 1044 732 1073 3
760 1040 803 1074 cf.
825 1043 843 1073 7
864 1045 1067 1074 semema-um
1088 1041 1215 1074 limma
1234 1041 1428 1074 adornans.

90 1086 198 1130 Verg.
214 1086 304 1121 Aen.
320 1087 354 1120 II
374 1090 441 1121 366
465 1088 609 1122 deorum
632 1088 759 1121 Iimiwm
842 1091 863 1120 4
884 1086 927 1121 cf.
951 1091 1005 1130 26,
1022 1091 1037 1120 1
1059 1088 1116 1121 hic
1134 1088 1309 1122 habitasse
1323 1088 1430 1130 prius

89 1138 231 1168 sanctos
256 1145 460 1179 coquoscere
483 1135 582 1169 debes
601 1134 723 1178 (Verg.
744 1134 833 1168 Aen.
855 1134 904 1167 VI
925 1137 991 1167 639
1017 1135 1178 1178 sedesque
1204 1135 1346 1176 beatas).
1390 1133 1430 1166 in

90 1180 213 1225 elogio
239 1180 449 1215 Marcellini
474 1181 682 1225 presbyteri
702 1180 946 1214 Vercellensis
974 1179 1045 1214 CIL
1069 1180 1100 1214 V
1121 1184 1210 1214 6733
1237 1183 1294 1223 (=
1320 1179 1427 1214 Rossi

88 1227 189 1262 IChr.
217 1228 250 1261 II
275 1240 309 1272 p.
337 1231 419 1271 173,
447 1230 504 1271 34)
530 1228 638 1263 haec:
665 1229 825 1272 quisquis
845 1232 927 1271 post
951 1228 1125 1261 mundum
1149 1228 1322 1262 aetherias
1346 1238 1427 1262 con-

88 1276 250 1309 scendere
277 1276 409 1320 playccs
434 1286 538 1318 posse
563 1279 673 1319 putat
703 1276 824 1317 iusto&
851 1275 1111 1309 Marcellinum
1142 1285 1275 1318 quoque
1305 1275 1427 1308 eredat

85 1322 333 1366 presbyterum
359 1322 450 1356 caeli
474 1323 569 1356 sedes
588 1323 750 1357 habitare
770 1323 915 1365 quietas.
959 1320 1162 1355 Buecheler
1180 1321 1290 1355 Anth.
1312 1320 1425 1364 epigr.

88 1380 123 1402 n.
147 1371 232 1411 318,
254 1372 273 1402 5
299 1370 428 1403 «meruit
455 1370 550 1403 caelo
581 1380 714 1413 semiper
737 1369 898 1403 habitare
924 1369 1025 1403 beata
1145 1373 1164 1401 ὁ
1192 1367 1264 1402 CIL
1283 1367 1315 1401 V
1336 1371 1423 1401 6731

90 1426 124 1449 u.
149 1419 190 1449 15
218 1417 267 1450 acl
285 1417 421 1450 caelum
436 1417 578 1460 pariter
596 1417 710 1450 mittet
728 1416 851 1450 (lomus
873 1427 949 1449 una
968 1417 1130 1460 sepulcri.
1175 1414 1219 1448 cf.
1241 1425 1351 1459 supra
1372 1418 1425 1458 7,5

731 1571 785 1612 32

177 1662 367 1704 Verbera
399 1664 623 1719 carnificis,
656 1665 863 1718 flammas,
895 1666 1122 1717 tormenta,
1155 1666 1320 1703 catenas

236 1733 405 1774 uincere
437 1734 639 1775 Laurenti
671 1735 759 1775 sola
790 1734 894 1774 fides
924 1734 1075 1787 potuit.

178 1803 280 1844 haec
312 1803 519 1845 Damasus
552 1805 739 1845 cumulat
770 1805 946 1858 supplex
980 1804 1128 1844 altaria
1161 1804 1280 1844 donis

238 1875 437 1928 martyris
470 1876 629 1930 egregii
661 1875 892 1929 suspiciens
924 1875 1133 1915 meritum.

184 1989 423 2034 Epigramma
446 1989 557 2023 altari
577 1990 756 2025 basilicae
777 2002 803 2025 s,
824 1990 1013 2025 Laurentii
1038 1990 1077 2023 in
1097 2001 1185 2034 agro
1205 1990 1350 2024 Verano
1377 1990 1423 2023 ad

88 2036 191 2071 uiam
211 2036 445 2071 Tiburtinam
470 2036 689 2081 inscriptum
714 2037 828 2072 fuisse
847 2037 998 2072 Rossius
1025 2039 1160 2081 censet,
1187 2037 1250 2080 qui
1277 2048 1319 2071 ex
1338 2037 1367 2070 P
1387 2038 1424 2070 et

89 2083 117 2117 L
144 2083 264 2118 edidit
287 2084 387 2119 IChr.
414 2084 448 2117 II
472 2096 506 2128 p.
535 2087 636 2127 82,22
669 2086 706 2119 et
730 2097 764 2129 p.
794 2088 952 2127 117,100.
1002 2084 1141 2128 priores
1168 2084 1251 2118 aedi
1278 2096 1303 2118 s.
1330 2083 1423 2116 Lau-

88 2131 201 2165 rentii
220 2131 259 2165 in
275 2131 437 2165 Damaso
458 2130 504 2165 ad
524 2131 713 2165 theatrum
731 2131 883 2176 Pompei
903 2131 1169 2165 adtribuerant.
1209 2142 1252 2165 ex
1271 2131 1297 2163 L
1319 2129 1420 2164 Grut.

91 2181 240 2222 1177,1,
266 2178 314 2212 ab
340 2177 410 2212 1106
428 2177 608 2211 Baronius
635 2189 667 2212 a.
689 2182 768 2221 384,
796 2178 970 2213 Sarazani
995 2191 1029 2212 n.
1050 2182 1104 2221 37,
1132 2177 1285 2211 Riuinus
1311 2189 1344 2210 n.
1366 2180 1422 2220 37,

90 2223 267 2259 Merenda
292 2237 326 2259 n.
350 2229 402 2259 14.
453 2224 610 2259 fortasse
636 2225 730 2270 legit
754 2225 976 2260 Prudentius
1003 2225 1144 2268 (Pei-ist.
1166 2225 1212 2268 11)

183 2272 242 2306 De
265 2277 388 2307 sancto
408 2272 609 2306 Laurentio
634 2277 789 2318 martyre
814 2272 985 2307 inscribit
1003 2272 1031 2305 P
1051 2274 1061 2316 11
1083 2276 1099 2305 1
1128 2272 1310 2314 carnifices
1332 2270 1359 2303 L
1386 2272 1422 2304 et

89 2318 172 2352 edd.
193 2320 205 2362 Η
224 2322 244 2353 2
278 2320 324 2353 Πέ
347 2330 420 2354 cere
445 2319 473 2353 P
493 2321 503 2363 ΙΙ
522 2322 543 2352 4
569 2321 743 2365 eqreyz'um
771 2319 872 2353 Grut.
897 2321 901 2365 1
923 2320 1118 2364 suscipiens
1142 2318 1170 2351 P
