1636 2593
633 58 927 93 TESTIMONIA
1313 59 1447 94 XXXV

113 166 156 206 in
202 166 376 206 exilium
419 165 670 205 mitteretur.
734 166 846 219 quod
881 166 956 206 ubi
993 166 1151 207 factum
1183 169 1263 220 est,
1307 166 1446 220 coepit

111 224 318 264 Damasus
344 222 580 264 Romanam
602 223 781 278 plebem,
814 239 918 278 quae
945 239 988 265 se
1012 225 1184 265 nolebat
1209 224 1445 279 procedere,

109 282 294 323 fustibus
326 285 367 322 et
399 281 522 322 caede
553 282 672 322 uaria
702 297 938 338 perurgere.
975 283 1244 336 presbyteros
1277 297 1445 336 quoque

110 356 286 382 numero
325 342 486 394 septem
525 340 716 381 detentos
746 355 821 394 per
853 342 1039 382 officium
1072 342 1224 382 nititur
1255 342 1306 382 ab
1340 341 1445 381 urbe

110 400 358 455 propellere.
403 399 474 439 sed
506 399 625 452 plebs
656 399 792 439 fidelis
824 414 1045 440 occurrens
1077 400 1242 441 eosdem
1275 399 1445 453 presby-

110 462 222 500 teros
259 458 370 499 eruit
408 460 450 498 et
489 458 539 498 ad
577 457 795 498 basilicam
833 458 991 499 Liberii
1007 458 1041 514 1)
1080 459 1169 499 sine
1206 473 1325 499 mora
1356 473 1446 512 per-

112 518 244 558 duxit.

200 576 287 617 ΙΙΙ
324 575 441 616 Tunc
467 574 675 615 Damasus
707 589 802 615 cum
833 576 1004 629 perfidis
1036 576 1191 616 inuitat
1223 575 1447 629 arenarios,

110 635 403 690 quadrigarios
435 637 477 675 et
501 634 683 674 fossores
712 648 962 687 omnemque
989 634 1146 674 clerum
1173 648 1268 674 cum
1294 634 1447 674 securi—

109 694 187 735 bus
218 694 371 749 gladiis
404 695 445 734 et
476 692 660 733 fustibus
693 695 734 733 et
775 692 940 733 obsedit
979 693 1196 733 basilicam
1226 692 1332 733 hora
1364 692 1446 732 diei

108 753 289 794 secunda
308 750 392 793 VII
423 751 697 792 kalendarum
728 750 1039 792 Nouembrium
1071 751 1136 791 die
1170 749 1371 791 Gratiano
1405 753 1447 791 et

107 811 331 867 Dagalaifo
382 810 627 851 consulibus
677 812 718 850 et
767 824 897 865 graue
945 810 1154 864 proelium
1204 809 1445 850 concitauit.

106 886 204 911 nam
243 870 425 911 effractis
463 868 627 910 foribus
666 869 847 924 igneque
885 869 1103 923 supposito
1144 868 1305 908 aditum
1336 867 1447 908 unde

107 930 362 983 irrumperet
393 928 653 982 exquirebat.
715 927 910 968 nonnulli
947 942 1114 981 quoque
1148 927 1196 967 de
1228 925 1445 966 familiari-

106 989 185 1029 bus
223 989 312 1029 eius
350 990 509 1028 tectum
547 987 746 1027 basilicae
786 987 1047 1027 destruentes
1085 985 1241 1041 tegulis
1278 984 1445 1025 fidelem

107 1047 313 1101 populum
345 1046 621 1100 perimebant.
663 1048 764 1086 tunc
795 1045 983 1086 uniuersi
1009 1044 1254 1085 Damasiani
1286 1044 1445 1084 irruen-

107 1109 169 1147 tes
202 1106 246 1146 in
278 1105 496 1146 basilicam
529 1107 698 1146 centum
730 1104 950 1159 sexaginta
982 1103 1031 1144 de
1062 1103 1184 1157 plebe
1217 1105 1304 1143 tam
1329 1102 1446 1142 uiros

106 1179 233 1219 quam
265 1164 462 1205 mulieres
495 1163 756 1217 occiderunt,
794 1163 1127 1203 uulnerauerunt
1158 1161 1285 1202 etiam
1318 1175 1444 1214 quam

105 1224 325 1278 plurimos,
351 1237 402 1263 ex
429 1223 584 1276 quibus
609 1222 734 1262 multi
761 1221 947 1262 defuncti
974 1223 1089 1275 sunt3
1122 1220 1171 1261 de
1196 1222 1315 1274 parte
1341 1233 1443 1260 uero

105 1282 279 1323 Damasi
326 1281 470 1322 nullus
520 1283 582 1322 est
630 1283 835 1321 mortuus.
902 1282 1000 1334 post
1043 1282 1128 1320 tres
1172 1281 1312 1319 autem
1358 1278 1445 1318 dies

106 1344 250 1382 sancta
280 1340 401 1395 plebs
433 1341 476 1380 in
508 1355 640 1381 unum
672 1339 926 1380 conueniens
958 1338 1097 1392 coepit
1123 1338 1322 1378 aduersus
1348 1351 1444 1377 eum

105 1400 266 1441 domini
303 1399 501 1439 mandata
538 1399 715 1439 recitare
754 1398 956 1438 dicentes:
1007 1397 1158 1438 <nolite
1190 1396 1339 1436 timere
1373 1409 1444 1436 eos

106 1459 179 1513 qui
218 1458 416 1499 occidunt
453 1472 623 1512 corpus,
661 1457 844 1497 animam
875 1471 977 1497 uero
1008 1470 1093 1496 non
1125 1457 1303 1509 possunt
1340 1453 1446 1494 occi-

105 1516 273 1573 dere'.2)
335 1517 544 1571 psallebat
581 1516 709 1557 etiam
747 1516 790 1556 in
822 1515 1018 1556 laudibus
1050 1516 1092 1555 et
1124 1513 1307 1554 dicebat:
1353 1512 1444 1566 epo-

105 1579 280 1617 suerunt
322 1575 520 1617 mortalia
562 1589 781 1616 seruorum
826 1577 996 1615 tuorum
1042 1587 1155 1614 escas
1195 1571 1444 1613 uolatilibus

106 1635 228 1690 caeli,
260 1649 405 1676 carnes
436 1637 678 1675 sanctorum
710 1636 881 1674 tuorum
913 1632 1061 1673 bestiis
1093 1634 1246 1685 terrae3
1291 1630 1444 1671 effude-

103 1697 204 1735 runt
241 1694 490 1749 sanguinem
529 1708 674 1734 eorum
711 1693 831 1733 uelut
868 1706 1019 1745 aquam
1058 1691 1103 1731 in
1134 1690 1314 1730 circuitu
1345 1688 1443 1729 Hie-

103 1753 304 1808 rusalem‚
349 1755 391 1794 et
433 1767 518 1793 non
562 1754 652 1793 erat
695 1751 768 1805 qui
805 1748 1072 1806 sepeliret’.3)
1134 1763 1256 1803 saepe
1300 1748 1443 1801 itaque

105 1812 249 1853 eadem
286 1811 408 1866 plebs
446 1811 629 1852 adunata
666 1810 710 1850 in
747 1810 921 1851 basilica
951 1808 1111 1849 Liberii
1143 1806 1352 1848 clamabat
1385 1806 1443 1846 di—

103 1885 216 1912 cens:
249 1870 499 1912 ‘christiane
530 1870 772 1924 imperator,
804 1868 912 1909 nihil
942 1870 983 1908 te
1014 1867 1129 1908 latet.
1181 1880 1325 1907 omnes
1357 1864 1440 1918 epi—

103 1930 219 1984 scopi
245 1929 426 1971 Romam
452 1929 637 1983 ueniant7
669 1931 820 1983 agatur
845 1941 986 1981 causa3
1019 1926 1215 1980 quintum
1246 1925 1330 1965 iam
1355 1923 1439 1964 bel—

103 1989 193 2030 lum
219 1988 427 2030 Damasus
458 1988 576 2029 fecit:
609 2002 632 2028 a
663 1987 758 2028 sede
783 1986 900 2027 Petri
931 1985 1164 2026 homicidas
1189 1982 1329 2024 foras.⁹
1374 1981 1439 2022 dei

198 2106 231 2149 1)
256 2104 421 2139 Basilica
441 2103 641 2137 Liberiana
666 2102 778 2137 hodie
799 2102 841 2136 (ε.
861 2100 981 2135 Maria
1000 2099 1222 2144 Maggiore'‚
1244 2097 1437 2131 Duchesne

102 2151 125 2186 l.
147 2163 176 2186 c.
202 2164 237 2196 p.
259 2155 337 2186 209.
389 2150 434 2185 cf.
460 2149 677 2185 testimonia
702 2148 889 2183 Ammiani
914 2146 1122 2182 Marcellini
1156 2148 1193 2180 et
1223 2142 1438 2187 Hieronymi

102 2198 232 2289 ehrogss
260 2256 392 2290 euang.
419 2244 552 2278 Matth.
580 2244 612 2277 X
639 2247 693 2278 28,

197 2296 231 2336 3)
257 2292 388 2337 psalm.
415 2291 597 2326 LXXVIII
623 2294 653 2324 ⁶2.
681 2294 711 2324 3.
