1636 2593
147 96 202 137 38
536 96 720 131 DAMASI
744 96 1103 133 EPIGRAMMATA

243 203 301 236 Ad
328 215 360 236 u.
385 208 400 236 1
430 202 474 237 cf.
503 206 581 246 2,19
608 205 755 239 uerbera
781 205 904 240 uincla
930 206 1060 248 famem
1083 234 1089 240 .
1113 235 1118 240 .
1143 235 1148 240 .
1168 208 1294 253 2117-an
1319 212 1495 243 tormenta

146 256 301 286 catenas.
340 250 450 294 Verg.
472 251 561 285 Aen.
584 251 633 285 VI
653 255 721 285 558
743 253 890 287 uerbera
914 280 919 286 .
938 281 967 286 ..
988 258 1133 289 caterine
1230 262 1248 288 2
1276 255 1320 290 cf.
1343 259 1386 289 27
1413 267 1493 290 car-

146 300 187 332 m'
201 309 362 342 mumque
387 299 470 332 uias
494 325 501 332 .
518 326 523 332 .
542 326 571 332 ..
593 299 735 334 uincere
760 301 854 344 quod
868 302 999 344 potuit,
1027 303 1091 335 86³
1116 303 1299 345 carnificis
1323 314 1494 347 superare

144 347 228 379 osias
261 373 266 378 .
296 373 302 379 .
331 373 337 379 .
370 346 447 380 sola
478 346 565 388 fides
595 347 718 390 potuit
837 350 857 380 3
884 347 991 392 Verg.
1014 348 1102 383 Aen.
1124 348 1174 383 XI
1195 352 1238 383 50
1264 351 1494 394 cumulatque

145 394 282 427 altaria
309 394 424 435 donis,
450 392 483 427 V
504 397 548 427 54
573 398 810 439 strueremque
838 396 914 429 suis·
939 396 1075 430 altaria
1101 397 1214 431 (Ionis.
1261 397 1305 431 de
1331 397 1493 432 Damaso

144 441 305 484 ,supplice
330 452 363 474 u.
392 440 476 474 adn.
498 443 541 475 36
640 444 661 474 4
692 442 864 487 martyris
889 444 1037 488 eyreyii,
1068 443 1167 478 idem
1199 443 1349 478 initium
1381 456 1410 479 e.
1438 456 1491 489 gr.

146 486 249 521 Paul.
277 487 359 521 Nol.
387 487 523 521 XXVII
549 491 634 531 309,
668 488 756 523 Ven.
790 489 888 524 Fort.
923 490 955 523 II
989 494 1049 533 12,
1078 494 1114 534 1,
1147 491 1340 526 Theodulf.
1368 491 1491 526 Aurel.

146 534 334 568 XXXVIII
367 539 386 568 2
423 535 538 579 (Poet.
572 535 636 570 lat.
671 535 755 570 aeui
782 536 899 571 Carol.
938 548 1008 572 rec.
1041 537 1253 573 Duemmler
1284 539 1300 573 Ι
1330 551 1364 583 p.
1399 541 1492 583 530).

146 593 256 626 supra
283 582 321 615 in
348 586 391 616 30
418 584 578 628 eyrcyius
603 589 743 629 martyr

236 819 387 861 Omnia
421 836 611 876 quaeque
643 822 761 862 uides
793 822 967 876 proprio
1002 823 1192 876 quaesita
1224 823 1386 878 labore,

235 905 331 931 cum
364 891 469 932 mihi
502 892 675 948 gentilis
707 892 955 934 iamdudum
987 893 1078 934 uita
1108 898 1314 949 maneret,

234 963 401 1003 institui
435 964 607 1017 cupiens
640 978 810 1005 censum
844 979 1096 1020 cognoscere
1130 966 1289 1006 mundi.

237 1034 393 1075 iudicio
426 1037 523 1088 post
555 1034 689 1075 multa
722 1034 787 1075 dei
820 1035 997 1075 meliora
1028 1038 1197 1076 secutus

170 1118 189 1146 5
234 1106 489 1159 contemptis
522 1105 673 1159 opibus
705 1105 837 1146 malui
869 1120 1122 1161 cognoscere
1157 1105 1384 1147 Christum.

232 1176 333 1216 haec
367 1175 473 1216 mihi
507 1190 606 1216 cura
639 1176 738 1230 fuit,
770 1176 907 1217 nudos
938 1177 1095 1218 uestire
1126 1179 1335 1231 petentes,

234 1247 407 1288 fundere
439 1246 700 1300 pauperibus
733 1246 941 1301 quidquid
973 1250 1236 1288 concesserat
1269 1263 1420 1303 annus,

233 1318 412 1372 psallere
446 1320 486 1358 et
519 1318 561 1357 in
594 1318 764 1371 populis
796 1317 916 1359 uolui
949 1318 1193 1359 modulante
1224 1319 1401 1373 profeta.

233 1389 292 1430 sic
324 1389 459 1430 merui
491 1388 659 1443 plebem
693 1388 851 1430 Christi
884 1390 1066 1431 retinere
1098 1390 1301 1432 sacerdos.

148 1472 188 1502 10
234 1460 346 1501 hunc
378 1460 483 1501 mihi
523 1461 762 1514 composuit
799 1460 1012 1501 tumulum
1045 1460 1273 1501 Laurentia
1306 1462 1491 1503 coniunx

233 1531 424 1572 moribus
456 1534 554 1585 apta
586 1531 691 1572 meis
723 1545 888 1585 semper
918 1531 1157 1572 ueneranda
1188 1531 1336 1572 fidelis.

234 1602 395 1642 inuidia
427 1602 576 1642 infelix
610 1602 779 1642 tandem
811 1616 1050 1655 compressa
1083 1602 1280 1655 quiescet.

234 1673 452 1728 octoginta
483 1672 568 1713 Leo
602 1672 861 1713 transcendit
894 1673 1115 1726 episcopus
1147 1687 1289 1713 annos.

353 1754 468 1795 DEP
490 1779 496 1784 ·
518 1754 617 1796 DIE
641 1779 646 1784 -
669 1754 806 1795 PRID
829 1779 834 1784 -
856 1754 991 1795 IDVS
1024 1754 1281 1796 MARTIAS

238 1871 371 1906 Leonis
398 1871 563 1916 episcopi
588 1870 707 1915 ignoti
735 1870 943 1915 sepulcrum
967 1870 1029 1905 uia
1049 1871 1247 1906 Tiburtina
1273 1871 1387 1906 situm
1406 1874 1488 1907 erat

146 1920 185 1953 in
219 1930 308 1964 agro
334 1919 498 1962 Verano,
537 1918 602 1952 ubi
633 1918 735 1952 tituli
767 1918 977 1962 fragmenta
1015 1918 1151 1953 litteris
1184 1918 1401 1963 uolgaribus
1433 1919 1489 1953 in-

145 1966 283 2011 scripta
321 1966 359 2000 in
390 1966 511 2000 lucem
545 1965 750 2009 redierunt,
790 1965 897 1999 Rossi
929 1965 1023 2000 Bull.
1058 1965 1158 2000 crist.
1195 1969 1284 2000 1864
1309 1978 1343 2011 p.
1372 1969 1418 2000 54
1432 1978 1485 2010 sq.

145 2014 204 2058 (ef.
235 2018 322 2048 1881
350 2026 383 2058 p.
413 2017 467 2047 20.
496 2016 563 2057 37).
614 2013 799 2057 integrum
826 2015 1069 2047 seruauerunt
1098 2013 1203 2047 codd.
1232 2013 1260 2047 P
1286 2015 1323 2047 et
1347 2013 1391 2057 L,
1427 2013 1488 2048 hic

146 2061 186 2095 in
213 2061 305 2095 duas
330 2063 455 2105 partes
484 2060 684 2095 dissectum
709 2062 756 2105 (u.
781 2064 869 2094 1—9
896 2062 933 2093 et
959 2072 992 2094 u.
1016 2062 1178 2104 10-13),
1204 2059 1314 2094 Rossi
1333 2060 1432 2095 IChr.
1453 2061 1488 2095 II

145 2121 179 2153 p.
207 2112 269 2152 92,
290 2112 334 2142 62
372 2120 406 2152 p.
437 2112 519 2151 106,
546 2111 590 2142 48
622 2120 655 2152 p.
686 2111 762 2151 107,
784 2111 825 2141 51
861 2107 962 2150 (inde
995 2106 1198 2142 Buecheler
1223 2107 1334 2141 Anth.
1370 2107 1485 2152 epigr.

146 2168 179 2190 n.
204 2158 296 2200 761.)
341 2166 385 2189 cx
404 2155 431 2188 L
458 2155 578 2189 edidit
604 2155 707 2190 Grut.
731 2158 832 2198 1173,
854 2160 872 2188 2
900 2154 1000 2198 (inde
1019 2154 1196 2190 Merenda
1223 2154 1379 2198 append.
1400 2166 1434 2189 n.
1457 2155 1487 2199 I)

146 2205 183 2237 et
211 2206 311 2246 1173,
333 2207 363 2237 5.
414 2214 473 2236 uu.
501 2206 628 2237 Sffll4
659 2202 698 2236 in
723 2201 847 2246 lapide
878 2204 1007 2236 extant
1038 2201 1114 2236 fere
1140 2201 1286 2246 integri.
1337 2202 1410 2235 Leo
1437 2203 1485 2247 (u.

146 2250 254 2284 Mart.
271 2250 418 2284 Hieron.
434 2262 485 2294 pr.
502 2249 550 2284 id.
568 2250 690 2294 Mart.)
704 2249 735 2283 is
752 2248 902 2283 uidetur
922 2260 1001 2283 esse
1021 2248 1085 2292 qui
1104 2250 1329 2283 memoratur
1348 2248 1387 2282 in
1406 2248 1487 2283 uita

146 2297 327 2332 Hadriani
348 2297 533 2342 pontificis
554 2297 646 2340 (Lib.
661 2296 823 2342 pontif]
842 2308 875 2340 p.
892 2300 959 2331 508
980 2297 1159 2332 ecclesiam
1178 2297 1296 2330 sancta·
1312 2296 1488 2340 Stephani

147 2346 251 2380 iuoeta
271 2356 347 2380 eam
369 2344 463 2391 [scil.
478 2344 676 2378 basilicam
695 2356 720 2379 s.
737 2343 927 2378 Laurentii
948 2344 986 2378 in
1006 2354 1095 2388 agro
1110 2343 1273 2389 Verano]
1287 2344 1404 2387 sitam,
1424 2344 1488 2379 ubi

1625 121 1636 243 l
