1539 2560
491 492 956 546 PRAEFATIO

143 655 206 697 De
232 655 405 697 Damasi
437 656 754 711 epigrammatis
785 656 1048 697 recensendis
1074 656 1392 711 judicandisque

56 730 190 769 nuper
220 715 350 755 uerba
381 715 461 755 feci
493 715 629 756 Musei
660 714 853 755 Rhenani
886 715 968 756 uol.
995 715 1028 755 L
1061 714 1215 771 (1895)
1247 731 1285 770 p.
1308 717 1388 757 191

58 774 212 828 ——204,
245 788 350 828 quae
375 773 445 814 hic
471 777 659 828 repetere
684 774 795 828 nolo,
827 774 1075 828 praesertim
1103 789 1198 815 cum
1224 775 1390 828 plenius

56 833 129 874 illa
160 833 438 874 inlustrentur
470 836 511 874 et
537 833 840 874 confirmentur
865 833 1210 874 adnotationibus
1237 834 1391 887 quibus

56 892 241 933 carmina
272 892 439 947 singula
470 892 664 947 instruxi,
696 892 987 945 spectantibus
1018 892 1104 933 fere
1131 892 1183 932 ad
1208 907 1273 933 res
1298 893 1389 946 phi-

54 949 234 1007 lologasL
265 951 562 1006 grammaticas
594 951 789 991 metricas
820 951 1099 1005 prosodiacas.
1138 951 1389 1005 perfectiore

57 1013 197 1051 autem
247 1010 550 1051 commentario
602 1010 674 1050 alii
723 1012 925 1064 poterunt
968 1011 1154 1051 carmina
1198 1025 1391 1052 enarrare

57 1069 184 1124 digna
216 1084 322 1123 quae
355 1069 677 1124 diligentissime
709 1071 945 1109 tractentur
957 1068 1003 1125 1),
1035 1084 1175 1110 rerum
1202 1070 1392 1110 ecclesia-

54 1129 255 1169 sticarum
298 1128 456 1169 iudices
498 1128 738 1183 peritiores,
788 1128 1010 1183 theologos
1062 1128 1153 1169 dico
1199 1128 1299 1169 boni
1345 1143 1391 1169 ac

55 1187 222 1228 fecundi
255 1187 427 1228 seminis
460 1187 728 1241 antiquitatis
760 1187 899 1228 studia
937 1189 978 1228 et
1010 1188 1275 1241 disciplinam
1307 1202 1392 1228 non

57 1246 346 1287 detrectantes.

143 1304 391 1359 Composuit
418 1305 561 1360 igitur,
588 1307 635 1345 ut
660 1305 943 1360 perstringam
968 1305 1147 1360 potiora,
1173 1305 1393 1358 Damasus,

55 1364 127 1417 qui
171 1364 434 1418 pontificiam
479 1363 729 1418 dignitatem
774 1364 911 1404 tenuit
955 1364 1006 1404 ab
1051 1379 1160 1404 anno
1212 1365 1295 1405 366
1341 1364 1392 1404 ad

55 1423 140 1464 384
155 1421 208 1478 2)‚
240 1423 402 1477 primus
434 1425 482 1463 ut
514 1422 682 1463 uidetur
715 1438 764 1463 ex
799 1422 1050 1463 Christianis
1086 1423 1392 1478 epigrammata

54 1481 237 1535 plurima
269 1482 313 1522 in
344 1481 487 1522 laudes
513 1481 734 1522 hominum
761 1484 1014 1536 sanctorum,
1046 1485 1282 1535 martyrum
1308 1496 1391 1522 ma-

53 1541 164 1581 xime
197 1540 484 1594 aliorumque
477 1539 528 1596 )‚
568 1555 673 1594 quae
705 1544 868 1594 partem
902 1542 1129 1581 maximam
1144 1540 1180 1597 4)
1212 1555 1391 1581 marmo-

52 1599 170 1640 ribus
201 1600 421 1640 incidenda
459 1600 625 1640 curauit
661 1614 762 1640 usus
795 1602 883 1640 arte
914 1599 1033 1640 Furii
1065 1590 1262 1653 Dionysii
1293 1599 1391 1640 Phi-

52 1658 176 1699 locali
209 1659 397 1714 egregia·
393 1656 427 1714 ’)
465 1658 616 1699 habuit
647 1661 789 1699 autem
820 1659 979 1712 eleycms
1010 1660 1056 1700 ι’11
1080 1659 1264 1700 versabas
1289 1672 1392 1699 eom-

150 1776 181 1817 1)
207 1773 315 1808 Rossi
342 1774 437 1808 Bull.
465 1773 563 1809 crist.
594 1777 823 1809 1884—1885
850 1786 884 1818 p.
907 1778 951 1808 ‘24
966 1786 1043 1818 sqq.

148 1824 182 1864 2)
209 1821 253 1855 de
280 1821 360 1855 uita
386 1821 575 1866 gestisque
601 1821 661 1855 hic
687 1833 760 1856 non
787 1833 878 1866 opus
900 1823 956 1856 est
976 1821 1117 1856 disseri.
1164 1821 1392 1855 notabiliora

54 1868 376 1903 adumbrabuntur
406 1868 630 1902 testimoniis
662 1868 759 1902 infra
790 1868 941 1913 positis⁷
978 1871 1127 1913 praeter
1153 1879 1247 1912 quae
1274 1868 1390 1902 adisis

52 1916 220 1950 auctores
247 1915 286 1949 in
311 1915 412 1950 calce
437 1915 680 1960 praefationis
707 1916 853 1950 citatos.

146 1965 180 2006 3)
207 1962 369 2007 elogium
393 1963 516 1997 Irenes
543 1963 677 1997 sororis
702 1975 737 1998 n.
760 1967 821 2006 10,
847 1963 1040 1997 Proiectae
1066 1963 1227 1997 feminae
1252 1962 1390 1996 nobilis

50 2021 85 2043 11.
107 2012 168 2053 53,
194 2009 348 2043 Damasi
373 2009 489 2054 ipsius
514 2022 548 2045 n.
572 2014 609 2053 93
636 2021 784 2044 carmen
811 2011 855 2044 de
882 2010 1048 2044 fontibus
1074 2010 1268 2044 Vaticanis
1294 2022 1327 2044 n.
1350 2013 1389 2053 43

51 2056 312 2101 inscriptiones
347 2057 497 2091 aedium
530 2069 718 2092 sacrarum
749 2070 783 2092 11.
806 2061 860 2092 55.
883 2061 944 2101 573
983 2068 1130 2092 carmen
1163 2068 1234 2101 quo
1261 2059 1389 2091 uotum

51 2102 165 2138 soluit
191 2115 217 2138 s.
244 2103 360 2138 Felici
386 2103 532 2139 Nolano
558 2117 592 2139 n.
614 2109 668 2139 61.

144 2152 180 2195 4)
207 2150 479 2195 epigrammata
503 2162 578 2186 non
603 2151 792 2196 lapidibus
820 2151 1009 2186 destinata
1035 2164 1069 2186 n.
1094 2157 1109 2185 1
1139 2153 1176 2186 et
1196 2155 1228 2195 2,
1255 2150 1390 2194 quibus

51 2197 203 2231 tertium
228 2197 375 2232 accedit
401 2198 537 2233 dubiae
565 2198 719 2243 originis
745 2211 779 2233 n.
801 2199 841 2232 3*
867 2201 914 2243 (u.
941 2198 1063 2243 infra).

146 2246 180 2288 5)
206 2244 411 2289 scripturae
437 2245 546 2279 huius
572 2246 853 2280 Philocalianae
886 2246 963 2289 uel,
996 2248 1038 2280 ut
1070 2246 1136 2280 alii
1161 2247 1389 2289 nuncupant,

50 2291 299 2326 Damasianae
332 2292 535 2336 specimina
566 2293 685 2327 multa
717 2293 845 2327 insunt
869 2292 908 2326 in
933 2293 1040 2327 libris
1066 2292 1189 2327 Rossii
1216 2292 1389 2326 aliorum-

50 2349 122 2382 que
147 2337 244 2373 infra
270 2338 407 2373 adlatis
435 2341 481 2384 (u.
504 2340 587 2374 adn.
610 2339 840 2385 singulorum
860 2339 1090 2385 carminum),
1116 2340 1196 2385 ipse
1222 2339 1389 2384 lapidum
