1636 2593
159 140 216 181 34
546 138 732 173 DAMASI
757 137 1115 172 EPIGRAMMATA

154 258 318 292 posuere,
342 245 437 280 talia
462 245 554 280 trita
651 249 671 279 3
697 250 845 280 seruarc
865 245 1067 279 Damasum
1089 245 1225 281 dixisse
1250 258 1357 292 nego,
1384 258 1503 292 neque

160 294 191 328 si
218 293 409 338 scripseris
435 298 580 328 sanctae
606 298 637 328 et
663 298 840 336 seruaret,
871 292 971 336 quod
996 292 1121 327 nescio
1155 304 1202 328 an
1231 294 1503 329 restituendum

162 342 219 385 sit,
247 352 375 376 uersus
396 340 558 375 Damaso
580 340 715 385 dignus
735 339 864 375 euadit
890 342 936 383 (u.
959 340 1043 374 adn.
1067 344 1120 384 11,
1142 343 1186 386 9).
1232 340 1275 376 cf.
1300 345 1341 376 18
1364 343 1504 388 integra

160 402 239 424 cum
263 394 378 424 rector
403 393 564 423 seruaret
587 389 732 431 foedera
751 389 868 432 pacis,
896 392 915 421 2
942 399 1021 422 cum
1048 388 1182 423 lacerat
1206 394 1351 424 sam-tae
1377 391 1504 425 matris

154 438 222 481 pia
247 437 393 479 foedera
514 439 535 469 4
561 435 715 470 blandas
740 446 858 470 amore
884 436 956 478 clei,
992 435 1035 468 de
1063 434 1246 469 similibus
1272 436 1441 471 formulis
1467 448 1501 472 u,

160 484 244 518 adn.
274 487 362 527 1152„
414 495 495 518 ‘aere
525 493 591 527 pro
623 484 747 518 τιέμεν-6
772 482 801 516 T
921 486 940 515 5
973 484 1106 517 vesca-e
1131 482 1169 517 L.
1220 483 1264 518 cf.
1293 488 1336 518 98
1375 489 1407 519 et
1440 495 1504 519 suo

156 536 343 567 contentus
367 531 495 565 habuit
514 542 581 575 per
604 531 747 565 saecula
771 541 900 565 ‘nomen

804 686 858 726 29

218 781 463 822 Marcelline
495 784 591 822 tuos
622 780 781 834 pariter
811 779 935 820 Petre
968 793 1090 820 nosse
1121 778 1361 833 triumphos

216 867 439 908 percussor
470 851 618 893 retulit
649 851 832 892 Damaso
865 850 988 905 mihi,
1021 865 1117 891 cum
1147 865 1253 904 puer
1284 864 1427 891 essem.

216 924 321 965 haec
352 923 435 965 sibi
468 923 707 963 carnificem
739 921 935 962 rabidum
967 922 1165 962 mandata
1198 920 1376 962 dedisse:

219 995 411 1036 sentibus
442 995 488 1035 in
519 993 669 1035 mediis
700 996 843 1034 uestra
874 996 922 1033 ut
954 995 1055 1033 tunc
1088 992 1196 1033 colla
1228 994 1405 1046 secaret,

158 1079 179 1108 5
216 1081 270 1107 ne
302 1066 516 1107 tumulum
548 1067 738 1106 uestrum
771 1064 996 1117 quisquam
1032 1076 1283 1118 cognoscere
1315 1064 1476 1117 posset3

216 1152 294 1179 uos
327 1137 484 1177 alacres
514 1136 668 1177 uestris
700 1134 896 1175 manibus
927 1133 1150 1174 mundasse
1182 1133 1375 1187 sepulcra

219 1208 459 1262 candidule,
493 1207 657 1248 occulto
690 1208 917 1260 postquam
950 1205 1127 1245 iacuisse
1158 1204 1236 1245 sub
1270 1207 1410 1258 antro,

217 1282 365 1334 postea
397 1278 701 1320 commonitam
732 1279 874 1317 uestra
905 1276 1062 1330 pietate
1095 1274 1320 1329 Lucillam,

217 1351 287 1392 hic
318 1350 527 1405 placuisse
559 1349 696 1405 magis
728 1348 993 1389 sanctissima
1025 1347 1203 1388 condere
1235 1345 1437 1387 membra.

253 1462 427 1512 Elogium
454 1478 499 1501 ss.
521 1465 730 1500 Marcellini
755 1466 792 1499 et
811 1463 912 1498 Petri
937 1465 1142 1507 martyrum
1167 1462 1231 1497 uia
1250 1462 1440 1497 Labicana
1466 1461 1505 1495 in

159 1514 381 1549 coemeterio
411 1514 475 1548 ‘ad
502 1514 594 1547 duas
620 1513 760 1547 lauros'
790 1511 1019 1556 sepultorum
1051 1512 1097 1554 (u.
1124 1509 1377 1555 topographos
1404 1508 1504 1552 apud

159 1562 332 1597 Rossium
358 1562 462 1596 Rom.
491 1562 575 1595 sott.
603 1560 619 1594 I
644 1572 677 1604 p.
708 1563 784 1593 178.
814 1562 890 1593 179.
941 1557 1132 1601 Martyrol.
1158 1557 1308 1591 Hieron.
1333 1555 1385 1589 IV
1409 1555 1503 1589 Non.

159 1610 254 1654 Iun.)
281 1608 447 1643 seruauit
478 1607 509 1641 is
543 1607 606 1651 qui
639 1609 723 1641 acta
756 1617 882 1640 eorum
914 1604 1143 1648 conscripsit,
1169 1604 1264 1637 Acta
1292 1602 1350 1637 SS.
1372 1602 1388 1636 1
1408 1601 1505 1636 Iunii

157 1669 192 1702 p.
217 1660 282 1691 173
304 1656 427 1700 (‘haec
448 1654 573 1690 omnia
591 1654 786 1696 Damasus,
807 1664 890 1687 cum
910 1652 1026 1686 lector
1046 1653 1154 1694 esset,
1174 1649 1350 1695 puerulus
1372 1648 1506 1683 didicit

160 1705 208 1738 ab
229 1715 272 1739 eo
293 1703 357 1747 qui
378 1714 440 1737 eos
462 1701 724 1745 decollauerat,
752 1702 790 1735 et
809 1702 940 1745 postea
960 1699 1082 1733 factus
1103 1698 1297 1743 episcopus
1318 1696 1357 1731 in
1377 1707 1504 1731 eorum

161 1751 330 1796 sepulcro
362 1750 420 1784 his
446 1748 640 1784 uersiculis
674 1747 922 1792 declarauit⁷).
967 1746 1217 1791 fragmentum
1248 1744 1302 1778 ibi
1332 1742 1505 1778 effossum

161 1802 218 1834 est
243 1797 347 1832 tituli
374 1809 395 1832 a
419 1796 561 1842 Vigilio
587 1795 701 1841 positi
728 1794 840 1839 (infra
865 1806 899 1828 n.
925 1795 994 1838 89),
1026 1793 1124 1827 unde
1149 1793 1300 1826 uidetur
1325 1801 1504 1836 apparere

158 1845 427 1880 Damasianam
451 1843 731 1888 inscriptionem
758 1841 928 1876 diffiacto
956 1853 977 1875 a
998 1840 1130 1875 Gothis
1153 1850 1335 1873 marmore
1356 1837 1504 1873 saeculo

164 1895 268 1928 sexto
292 1892 458 1938 periisse.
504 1902 548 1926 ex
573 1891 654 1935 ipso
681 1891 806 1924 autem
832 1888 957 1933 lapide
984 1898 1133 1922 carmen
1153 1885 1390 1931 exscripsisse
1417 1895 1503 1920 auc-

159 1943 280 1975 torem
304 1940 406 1974 uitae
427 1940 639 1973 sanctorum
665 1936 808 1971 iudicat
827 1935 979 1970 Rossius
1000 1935 1099 1969 IChr.
1121 1935 1155 1968 Π
1179 1946 1214 1979 p.
1235 1938 1290 1968 45.
1336 1944 1381 1968 ex
1400 1931 1504 1967 Actis

161 1987 360 2023 ediderunt
392 1985 568 2021 Sarazani
593 1998 627 2020 n.
654 1989 707 2028 12,
733 1983 891 2018 Riuinus
916 1995 950 2017 n.
980 1987 1039 2026 14,
1066 1981 1279 2016 Mazochius
1305 1980 1339 2014 Π
1363 1992 1398 2025 p.
1423 1983 1504 2023 495,

165 2034 344 2070 Merenda
363 2046 397 2068 n.
419 2037 474 2068 23.
518 2032 688 2067 uersibus
714 2042 790 2065 rem
817 2033 965 2065 enarrat
991 2032 1120 2064 auctor
1143 2028 1278 2063 aetatis
1299 2026 1504 2071 Carolinae,

161 2083 264 2117 Poet.
292 2081 357 2116 lat.
385 2080 470 2115 aeui
496 2079 658 2115 Carolini
685 2090 755 2113 rec.
781 2077 1024 2112 EDuenJmler
1049 2077 1082 2111 Π
1106 2089 1141 2121 p.
1165 2080 1247 2110 134:

229 2162 302 2191 (1123
329 2153 414 2187 haec
438 2156 479 2186 at
503 2156 599 2197 qesta
625 2151 833 2194 referuntur
859 2150 1018 2183 retulisse
1043 2148 1217 2183 adserunt

327 2201 431 2234 illam
455 2200 589 2243 ipsum,
615 2199 678 2243 qai
703 2198 837 2233 eosdem
863 2197 1041 2231 ¹interemit
1066 2199 1259 2239 martyres,

327 2251 359 2281 et
385 2248 429 2281 ab
455 2247 518 2281 illo
544 2247 710 2280 didicisse
736 2245 935 2279 Damasum
958 2243 1181 2288 pontificem,

229 2303 301 2333 (113)
327 2306 406 2329 cam
432 2298 546 2329 aetate
566 2293 704 2338 puerili
725 2303 790 2336 per
815 2292 936 2326 cadem
961 2295 1120 2334 tempora

327 2343 391 2376 sab
417 2342 586 2386 mayistro
614 2341 833 2374 ministraret
858 2343 889 2373 ct
915 2338 963 2373 ad
987 2347 1157 2382 magnum
1182 2338 1345 2369 cresceret

329 2400 446 2424 reram
472 2389 627 2432 culmen,
654 2392 740 2422 tanc
766 2386 933 2421 Romana
960 2386 1066 2420 lector
1092 2384 1131 2417 in
1156 2382 1311 2417 ecclesia.
