1636 2593
147 122 203 162 31⁴)
537 120 722 154 DAMASI
748 119 1107 154 EPIGRAMMATA

207 231 331 271 unica
364 230 408 270 in
439 229 507 270 his
539 229 697 285 gaudet
728 228 943 270 Romanae
977 228 1115 283 gloria
1145 228 1300 282 plebis,

208 301 321 356 quod
354 301 456 342 duce
490 304 591 341 tunc
623 300 760 354 Xysto
796 299 954 341 Christi
987 314 1177 340 meruere
1209 298 1462 353 triumphos.

273 376 671 419 FELICISSIMO
704 376 779 418 ET
811 375 1063 418 AGAPITO
1095 374 1370 417 DAMASVS

244 476 467 511 Felicissimi
499 478 537 511 et
568 475 739 521 Agapiti,
772 475 880 519 Xysti
915 475 1155 509 diaconorum
1187 475 1246 519 (cf.
1281 475 1364 509 adn.
1395 476 1500 520 124),

149 524 314 569 elogium
352 524 507 558 extabat
538 523 602 558 uia
633 523 757 568 Appia
788 523 826 557 in
859 522 1080 557 coemeterio
1112 522 1344 557 Praetextati
1378 522 1500 567 (Rossi

149 573 267 606 Roma
300 573 385 606 sott.
418 572 433 605 I
464 583 499 616 p.
529 575 605 606 180.
636 575 699 605 181
733 571 767 605 Π
800 583 835 615 p.
864 574 918 605 93.
970 571 1065 604 Acta
1092 570 1150 605 SS.
1178 570 1212 604 Π
1238 571 1331 615 Aug.
1358 582 1392 614 p.
1421 574 1498 604 141.

150 619 344 653 Duchesne
382 619 462 653 Lib.
495 618 628 663 pontif.
660 618 677 652 Ι
707 630 741 663 p.
771 621 861 662 155).
913 629 957 652 ex
990 617 1132 662 sylloge
1171 617 1200 651 T
1238 617 1347 651 Rossi
1379 616 1501 652 edidit

149 666 250 701 lChr.
272 667 305 700 Π
338 679 371 711 p.
406 670 462 710 66,
484 670 538 710 22,
573 677 592 700 e
618 666 698 701 cod.
730 664 1153 710 claustroneoburgensi
1179 666 1291 699 antea
1318 664 1500 698 Marinius

150 714 250 759 apud
276 714 418 748 Maium
445 713 577 758 Script.
604 715 679 748 uet.
699 713 733 747 V
755 725 788 758 p.
811 717 890 755 377,
911 717 932 746 4

249 766 265 795 1
300 763 435 806 aspicis
461 761 507 804 T,
541 761 683 796 emend.
711 760 829 795 Rossi.
882 760 1031 794 initium
1063 759 1164 804 apud
1190 758 1399 804 Vergilium
1430 758 1501 793 fre—

152 819 269 853 quens
296 820 325 844 e.
353 821 406 853 gr.
434 809 524 843 Aen.
552 809 585 842 Π
606 812 684 843 604,
712 808 762 842 VI
783 812 861 843 855.
889 808 921 841 X
941 811 1020 842 480.
1073 806 1118 841 cf.
1147 810 1189 841 96
1217 808 1336 851 aspice
1361 808 1501 841 descen-

152 868 241 891 sum.
288 856 458 890 clausula
484 856 582 890 redit
608 855 647 889 111
675 860 729 899 14,
757 856 800 890 cf.
823 859 868 890 44
895 856 1055 889 {lunulas
1075 855 1145 899 pia.
1169 855 1325 889 membra
1350 858 1503 889 retentat

250 908 269 938 2
296 903 341 938 cf.
370 904 454 938 adn.
479 908 533 947 10,
556 908 597 937 11
721 906 740 936 3
767 902 912 937 Paulin.
940 902 1022 937 Nol.
1051 913 1160 936 carm.
1182 901 1301 935 XXVI
1324 904 1389 935 148
1417 912 1504 946 quos

153 953 270 986 crucis
307 953 467 986 inuictae
504 953 627 996 sv'ynat
659 962 773 985 cruor.
832 951 992 995 pariter,
1034 951 1242 994 pariterque
1279 948 1318 982 in
1356 947 1502 982 deliciis

153 999 270 1033 habet
294 998 478 1032 Damasus
506 1000 652 1033 secutus
679 997 887 1042 Vergilium
917 1001 964 1041 (u.
991 996 1167 1040 indicem)
1287 1000 1309 1030 4
1339 995 1504 1041 elogium

155 1047 256 1090 quod
281 1046 422 1080 Liberii
454 1045 641 1090 pontificis
673 1045 836 1089 putabat
862 1044 1014 1079 Rossius
1041 1044 1155 1088 (IChr.
1182 1044 1217 1077 II
1241 1055 1276 1087 p.
1304 1046 1358 1078 84.
1387 1047 1431 1077 86
1458 1060 1502 1072 =

152 1093 357 1128 Buecheler
382 1093 493 1128 Anth.
522 1092 636 1137 epigr.
664 1104 698 1127 n.
722 1095 813 1136 787),
839 1103 949 1126 uersu
975 1091 1164 1126 clauditur
1189 1092 1253 1135 qui
1276 1102 1399 1125 sumas
1423 1091 1502 1125 hoe-

153 1153 218 1186 91ιο
244 1146 346 1176 tantm
371 1142 538 1175 meritmn
561 1141 735 1184 fidemque
760 1141 871 1174 secuti
985 1143 1005 1173 5
1032 1138 1171 1173 similia
1196 1138 1235 1171 in
1261 1142 1305 1172 26
1331 1139 1505 1173 aetherios

148 1190 283 1234 petiere
302 1190 405 1223 Sinus
422 1199 601 1233 regmaque
616 1189 774 1231 piorwn,
794 1190 838 1221 43
856 1187 1051 1221 aetheriam
1065 1187 1197 1231 petiere
1218 1186 1362 1220 domam
1374 1196 1503 1230 reyna-

153 1248 219 1281 (με
243 1237 408 1280 piorum,
441 1239 485 1269 47
512 1240 694 1270 aeternam
720 1235 854 1279 petiere
883 1235 1026 1269 domum
1058 1246 1086 1268 r.
1109 1245 1165 1278 p,
1199 1236 1241 1266 37
1264 1237 1399 1277 peteret
1423 1244 1505 1267 cam

152 1296 266 1328 reama
286 1284 443 1328 piorum.
491 1283 535 1317 de
556 1293 734 1327 reynaqae
759 1293 793 1316 u.
816 1282 900 1315 adn.
924 1285 1001 1325 1,12
1076 1285 1095 1315 6
1122 1280 1231 1324 Verg.
1253 1280 1343 1314 Aen.
1364 1279 1415 1313 VI
1437 1282 1503 1314 767

159 1332 340 1366 Troianae
364 1331 483 1375 (storia
507 1331 633 1375 yemis,
659 1329 704 1364 cf.
726 1329 811 1363 adn.
833 1332 889 1372 3,4
980 1332 998 1362 7
1025 1330 1112 1363 (lace
1136 1332 1168 1362 te
1194 1326 1361 1371 syllogae
1388 1326 1505 1361 codex

155 1378 260 1413 alter.
281 1389 347 1423 pro
365 1378 510 1412 Christo
530 1377 630 1421 quod
649 1378 804 1420 uterque
821 1376 987 1420 praebet,
1010 1376 1127 1421 Xysto
1147 1374 1296 1419 scripsit
1309 1374 1505 1409 Duchesne

155 1426 178 1460 l.
195 1437 224 1460 c.
250 1438 284 1470 p.
309 1429 374 1460 156
401 1425 584 1469 probante
611 1423 743 1458 Rossio
769 1423 868 1458 IChr.
891 1423 924 1457 Π
949 1435 983 1468 p.
1005 1427 1072 1457 458
1099 1425 1146 1467 (u.
1169 1422 1253 1456 adn.
1277 1425 1362 1465 124
1383 1423 1420 1456 et
1435 1424 1502 1466 13).

157 1485 239 1507 cum
266 1472 384 1507 altero
405 1483 533 1507 uersus
553 1470 792 1506 hemistichio
813 1470 857 1505 cf.
880 1474 900 1504 8
923 1471 1062 1506 Christi
1082 1475 1230 1515 portare
1256 1470 1433 1512 triamfos,
1459 1471 1504 1502 47

159 1522 297 1556 (vm-ista·
322 1532 478 1555 meruere
505 1531 654 1554 coronas

803 1592 859 1632 24

253 1667 479 1711 Fragmenta
505 1666 642 1700 litteris
669 1665 938 1700 Philocalianis
964 1663 1145 1708 inscripta
1171 1675 1203 1699 a.
1230 1667 1320 1697 1869
1348 1665 1386 1698 et
1413 1666 1505 1697 1870

157 1716 220 1749 uia
241 1714 363 1759 Appia
388 1713 608 1758 prodierunt
633 1713 672 1747 in
698 1712 921 1747 coemeterio
948 1711 1180 1746 Praetextati
1206 1710 1244 1744 in
1271 1713 1412 1755 crypta,
1439 1709 1504 1745 ubi

157 1762 301 1796 Vrbani
325 1761 501 1805 martyris
534 1760 744 1805 sepulcrum
775 1760 889 1794 fuisse
920 1762 1031 1804 putat
1056 1758 1219 1793 Rossius.
1271 1758 1421 1792 litterae
1448 1757 1504 1791 in-

158 1810 256 1844 cisae
283 1810 390 1844 erant
419 1811 543 1853 ‘sopra
570 1820 644 1842 una
670 1807 798 1842 sottile
823 1807 942 1841 fascia
969 1818 989 1841 o
1016 1806 1105 1840 lista
1130 1816 1340 1840 marmorea
1365 1805 1404 1839 in
1430 1816 1504 1839 una

158 1857 239 1892 sola
270 1856 406 1899 linea’,
437 1866 572 1890 nomen
602 1855 776 1899 martyris
809 1854 914 1889 latet.
965 1854 1061 1889 Bull.
1089 1853 1187 1888 crist.
1217 1856 1307 1887 1870
1332 1864 1366 1897 p.
1396 1856 1440 1886 46
1467 1855 1505 1886 et

161 1908 249 1939 1872
276 1916 310 1948 p.
333 1908 388 1947 31,
416 1903 481 1937 ubi
507 1902 722 1937 indicantur
741 1902 963 1947 fragmenta,
990 1913 1064 1935 non
1086 1900 1337 1945 publicantur.
1382 1899 1504 1944 ipsum

159 1951 422 1986 coemeterium
450 1950 553 1985 adire
580 1949 672 1983 mihi
699 1961 772 1984 non
798 1949 906 1983 licuit

808 2057 864 2099 25

254 2134 480 2179 Fragmenta
511 2133 615 2167 tituli
646 2131 791 2167 metrici
823 2131 959 2166 litteris
991 2130 1137 2175 magnis
1167 2129 1436 2164 Philocalianis
1466 2128 1507 2162 in

161 2181 382 2217 coemeterio
402 2180 634 2215 Praetextati
660 2180 724 2214 uia
743 2179 867 2224 Appia
893 2181 1041 2223 reperta
1063 2177 1216 2213 Rossius
1242 2178 1507 2211 commemorat

161 2229 256 2265 Bull.
290 2228 389 2263 crist.
425 2232 513 2262 1872
546 2240 580 2272 p.
607 2231 669 2271 32,
703 2228 870 2272 spectare
903 2228 1005 2260 ratus
1038 2226 1086 2260 ad
1118 2224 1327 2269 sepulcrum
1360 2223 1506 2265 Quirini

161 2276 303 2312 tribuni
328 2275 502 2320 martyris
529 2275 587 2320 (cf.
609 2274 705 2309 Bull.
726 2273 824 2308 crist.
848 2278 938 2308 1870
958 2286 991 2318 p.
1014 2277 1068 2308 44.
1098 2276 1187 2307 1872
1208 2284 1242 2316 p.
1264 2275 1308 2305 49
1324 2282 1377 2315 sq.
1400 2274 1441 2304 78
1451 2281 1504 2314 sq.

164 2327 397 2358 1884—1885
417 2335 451 2368 p.
475 2324 542 2368 13).
588 2321 726 2366 sepulti
745 2332 879 2356 nomen
906 2321 945 2355 in
964 2320 1144 2363 frustulis,
1171 2330 1215 2353 ex
1235 2318 1371 2362 quibus
1391 2329 1507 2352 unum

161 2371 314 2406 Rossius
342 2370 431 2404 olim
456 2369 685 2415 possidebat,
713 2370 902 2404 seruat-um
928 2379 1001 2403 non
1028 2370 1094 2403 est.
1145 2367 1190 2401 cf.
1219 2370 1263 2400 ‘24
