1636 2593
515 166 517 175 ,
574 134 846 169 PRAEFATIO
1238 138 1374 172 XXVH

35 240 144 281 unde
182 239 289 280 mihi
327 240 549 294 exscripsit
580 239 803 295 Adolphus
834 242 867 283 F
871 243 965 296 aeh,
1009 244 1052 284 in
1084 244 1371 286 Rhenouiensi

34 313 138 340 saec.
170 297 230 339 XI
264 296 326 354 (r)
360 301 401 339 et
432 298 753 342 Vindobonensi
791 316 894 342 saec.
926 301 1008 343 XII
1042 301 1105 359 (v)
1139 304 1317 345 conlatis
1349 320 1372 344 a

33 356 261 413 Danielo.¹)

121 415 385 458 Acrostichis
407 415 707 458 Constantinae
729 416 786 473 (n.
802 419 876 473 84)
910 419 1125 461 codicibus
1156 421 1372 462 nonnullis

33 476 217 516 maxime
248 475 546 516 Prudentianis
590 476 773 517 traditur
816 478 901 518 fere
942 493 1025 519 una
1066 493 1161 520 cum
1199 479 1371 521 Damasi

33 535 84 576 de
103 549 133 576 s.
147 533 314 590 Agnete
335 534 518 575 carmine
539 532 597 590 (n.
612 534 702 591 40),
729 550 834 589 quae
854 538 1032 591 utraque
1052 537 1307 579 Prudentius
1328 539 1372 579 in

33 594 136 647 ipsis
173 592 385 648 lapidibus
422 593 592 634 uidetur
629 594 792 649 legisse.
853 595 926 636 sed
962 610 1058 637 cum
1094 596 1174 637 hoc
1213 599 1371 651 tempo*

32 667 128 693 rum
159 652 366 693 inuidiam
397 652 561 706 uicerit⁷
596 652 703 693 illud
734 653 818 694 iam
849 655 1014 695 saeculo
1048 658 1166 696 sexto
1199 656 1370 696 ineunte

31 711 202 752 uidetur
237 711 429 766 periisse,
462 725 558 752 cum
596 710 875 765 Symmachus
911 714 1103 767 pontifex
1141 713 1194 769 (a.
1225 714 1369 756 498—

31 769 136 826 514)
169 770 358 825 apsidem
388 769 605 824 basilicae,
637 785 765 824 quam
796 771 953 812 femina
985 772 1058 813 illa
1090 773 1134 813 in
1165 772 1369 814 honorem

29 828 211 885 Agnetis
242 829 403 871 Romae
435 829 692 883 condiderat,
718 830 861 871 ruinas
887 831 1119 872 minantem
1145 846 1369 873 renouasse

30 887 275 944 tradatur.²)
338 891 485 942 postea
522 890 613 929 tota
650 888 825 929 basilica
864 889 916 929 ab
949 889 1140 931 Honorio
1173 891 1370 931 restituta

29 947 293 1002 picturisque
331 949 533 988 exornata
570 945 687 1003 est.3)
750 963 837 989 non
869 948 1110 1002 defuerunt,
1152 949 1225 1002 qui
1257 964 1369 990 aci-1.»

28 1006 254 1047 stichidem
273 1006 456 1047 Damaso
483 1006 720 1047 tribuerent
733 1005 787 1061 4)3
820 1022 925 1061 quos
957 1022 1032 1048 cur
1062 1008 1252 1048 refellam
1285 1023 1369 1048 om-

29 1066 130 1106 nino
162 1080 247 1106 non
281 1068 360 1120 est,
399 1065 554 1119 quippe
587 1080 682 1106 cum
714 1066 766 1106 ad
797 1066 1053 1107 fulciendam
1085 1067 1369 1108 coniecturam

28 1124 215 1165 futtilem
248 1127 546 1180 argumentum
578 1125 792 1178 prolatum
824 1125 881 1165 sit
912 1126 1089 1166 nullum.
1145 1125 1367 1167 ediderunt

28 1183 166 1238 multi,
199 1183 272 1224 alii
304 1198 355 1224 ex
387 1184 480 1224 aliis
513 1183 729 1224 codicibus
744 1182 796 1238 5*);
828 1184 994 1237 plenior
1025 1185 1070 1225 in
1095 1184 1173 1225 hac
1200 1184 1369 1226 demum

30 1241 214 1284 editione
246 1243 433 1283 recensio
466 1243 719 1296 proponitur
750 1244 861 1283 facta
892 1243 944 1283 ad
975 1243 1138 1284 codices
1169 1243 1311 1284 hosce:

177 1299 217 1343 G
248 1322 303 1334 =
336 1301 424 1342 cod.
456 1300 588 1341 Paris.
623 1301 763 1341 13348
811 1299 933 1357 (olim
975 1300 1366 1357 Sangermanensis)

88 1374 191 1401 saec.
206 1358 434 1401 VIII—IX
464 1360 491 1400 f.
513 1361 535 1401 7
542 1360 566 1400 8
599 1359 674 1400 ubi
698 1360 1032 1414 praemittuntur
1056 1360 1175 1402 haec:
1206 1375 1368 1414 refluere

87 1419 272 1461 ordinem
313 1419 517 1460 historiae.
595 1418 865 1461 Constantina
908 1420 1043 1472 itaque
1086 1424 1233 1473 aquata
1276 1433 1367 1461 cnm

87 1482 187 1520 esset
206 1479 535 1531 prudentissima
565 1482 603 1519 ct
632 1478 881 1519 uehementer
913 1478 1056 1520 litteris
1087 1479 1368 1520 mundialibus

86 1538 257 1588 erudita,
288 1537 359 1578 hos
389 1536 608 1578 uersiculos
633 1538 676 1578 in
705 1537 956 1578 (Zedccationc
981 1537 1173 1579 basilicae
1197 1538 1369 1579 dictauit

86 1600 124 1637 et
152 1609 273 1649 super
303 1596 488 1646 archam,
520 1596 592 1648 qai
622 1595 836 1637 basilicam
867 1599 1059 1646 contenet,
1092 1597 1216 1638 insse&
1244 1596 1367 1637 scribi

87 1656 149 1696 aa
183 1659 231 1696 ab
264 1655 400 1708 capita
438 1668 630 1696 ncrsnmn
666 1668 811 1696 nomen
848 1655 934 1696 cias
971 1655 1153 1697 scribant
1193 1655 1368 1708 sinyalis

86 1713 232 1755 litteris
257 1714 410 1766 primis
440 1714 607 1755 intentis
638 1714 783 1766 quibas
814 1713 960 1767 leyitar
991 1714 1365 1756 ΕΟΝΞΤΑΝΤΙΝΑ

90 1787 167 1827 DO.
212 1784 433 1826 ediderunt
465 1798 515 1824 ex
547 1783 627 1824 hoc
660 1784 801 1824 codice
824 1782 1075 1824 Garruccius
1108 1786 1149 1825 et
1180 1783 1367 1837 Rossius,

86 1844 316 1899 recognoui
348 1857 438 1898 ego.

175 1901 215 1943 A
248 1923 302 1936 =
335 1902 425 1943 cod.
456 1900 764 1943 Ambrosianus
798 1901 836 1942 D
870 1902 924 1942 36
958 1916 1046 1955 sup.
1085 1902 1111 1942 f.
1142 1902 1193 1942 18
1228 1915 1367 1942 uersas

91 1961 382 2003 Constantinac
404 1959 664 2002 Constantini
693 1961 805 2014 filiae
838 1961 979 2013 scripti
1010 1961 1054 2000 in
1086 1961 1230 2001 absida
1260 1961 1367 2001 basi-

87 2021 187 2062 licae
222 2034 346 2073 qaam
383 2020 565 2061 condidit
598 2021 641 2060 m
680 2020 827 2061 honore
864 2023 1026 2061 semotae
1057 2019 1207 2072 Ayncs.
1270 2034 1365 2072 apo-

125 2139 158 2179 1)
184 2136 206 2171 1.
228 2147 256 2170 e.
284 2135 335 2170 IV
359 2148 393 2180 p.
418 2140 494 2170 163.

124 2186 159 2228 2)
183 2182 262 2217 Lib.
287 2183 419 2227 pontif.
448 2183 503 2217 ed.
531 2182 724 2217 Duchesne
751 2183 767 2216 Ι
793 2195 827 2227 p.
849 2186 927 2218 263.

124 2234 157 2274 3)
183 2242 217 2264 u.
245 2230 329 2264 adn.
357 2241 467 2264 carm.
495 2233 549 2263 40.

122 2280 156 2320 4)
183 2277 376 2320 Baronius,
402 2277 627 2320 Mamehius,
654 2287 771 2321 nuper
796 2276 910 2311 etiam
936 2275 1114 2310 Manitius
1143 2274 1270 2309 Geseh.
1300 2274 1364 2307 der

27 2324 168 2359 christl.
196 2324 260 2359 lat.
288 2324 417 2359 Poesie
442 2336 476 2368 p.
500 2328 576 2358 121.

91 2408 96 2414 ,
124 2374 158 2416 5)
183 2383 217 2406 u.
245 2371 370 2406 adnot.

1397 349 1419 373 <¹

1395 1309 1425 1345 G

1395 1911 1424 1943 A
